@STRING{jan  = {January}}
@STRING{feb  = {February}}
@STRING{mar  = {March}}
@STRING{apr  = {April}}
@STRING{may  = {May}}
@STRING{jun  = {June}}
@STRING{jul  = {July}}
@STRING{aug  = {August}}
@STRING{sep  = {September}}
@STRING{oct = {October}}
@STRING{nov = {November}}
@STRING{dec = {December}}



@string{acl       = {Annual Meeting of the Association for Computational Linguistics}}
@string{jmlr      = {Journal of Machine Learning Research}}
@string{naacl      = {NAACL}}
@string{nips      = {NeurIPS}}
@string{neurips   = {Neurips}}
@string{iccv      = {IEEE International Conference on Computer Vision}}
@string{eccv      = {European Conference on Computer Vision}}
@string{iccv      = {International Conference on Computer Vision}}
@string{cvpr      = {Conference on Computer Vision and Pattern Recognition}}}
@string{icdm      = {IEEE International Conference on Data Mining}}
@string{vldb      = {International Conference on Very Large DataBases}}
@string{focs      = {Symposium on the Foundations of Computer Science}}
@string{bmvc      = {British Machine Vision Conference}}
@string{civr      = {International Conference on Image and Video Retrieval}}
@string{sigmod    = {ACM SIGMOD International Conference on Management of Data}}
@string{acmmm     = {ACM International conference on Multimedia}}
@string{visapp    = {Proceedings of the International Conference on Computer Vision Theory and Applications}}
@string{www       = {WWW: Proceeding of the International Conference on World Wide Web}},
@string{mir       = {Proceedings of the ACM International Workshop on Multimedia Information Retrieval}}
@string{icassp    = {International Conference on Acoustics, Speech, and Signal Processing}}
@string{stoc      = {ACM symposium on Theory of computing}}
@string{aaai      = {AAAI}}
@string{aistats   = {AISTATS}}
@string{icml      = {International Conference on Machine Learning}}
@string{isit      = {International Symposium on Information Theory}}
@string{cikm      = {International Conference on Information and Knowledge}}
@string{iclr      = {International Conference on Learning Representations}}
@string{wiclr      = {Workshop at International Conference on Learning Representations}}


@string{comacm    = {Communications of the ACM}}
@string{journalacm = {Journal of the ACM}}
@string{ijcv      = {International Journal of Computer Vision}}
@STRING{ieeetpami = {{\sc IEEE} Transactions on Pattern Analysis and Machine Intelligence}}
@STRING{ieeesp    = {{\sc IEEE} Transactions on Signal Processing}}
@STRING{ieeetip   = {{\sc IEEE} Transactions on Image Processing}}
@STRING{ieeeassp  = {{\sc IEEE} Transactions on Acoustics, Speech and Signal Processing}}
@STRING{ieeetcsvt = {{\sc IEEE} Transactions on Circuits and Systems for Video Technology}}
@STRING{ieeetsmc  = {{\sc IEEE} Transactions on Systems, Man, and Cybernetics}}
@string{ieeetmm   = {IEEE Trans. on Multimedia}}
@string{dbth      = {Proceedings of the International Conference on Database Theory}}
@string{ieeetit   = {{\sc IEEE} Transactions on Information Theory}}
@string{acmtalg   = {{\sc ACM} Transactions on Algorithms}}
@string{procieee  = {Proceedings of the {IEEE}}}
@string{mta       = {Multimedia tools and applications}}
@string{pr        = {Pattern recognition}}
@string{prl       = {Pattern recognition letters}}
@string{cviu      = {Computer Vision and Image Understanding}}

@string{ieeetcom   = {IEEE Trans. Communications}}

@article{rudin2019nature,
      title={Stop Explaining Black Box Machine Learning Models for High Stakes Decisions and Use Interpretable Models Instead}, 
      author={Cynthia Rudin},
      journal={Nature Machine Intelligence},
      year={2019}
}

@inproceedings{fong2017perturbation,
  title={Interpretable explanations of black boxes by meaningful perturbation},
  author={Fong, Ruth C and Vedaldi, Andrea},
  booktitle=iccv,
  year={2017}
}

@inproceedings{ribeiro2016lime,
  title={"Why should I trust you?" Explaining the predictions of any classifier},
  author={Ribeiro, Marco Tulio and Singh, Sameer and Guestrin, Carlos},
  booktitle={Proceedings of the 22nd ACM SIGKDD international conference on knowledge discovery and data mining},
  year={2016}
}

@inproceedings{simonyan2014deep,
  title={Deep inside convolutional networks: Visualising image classification models and saliency maps},
  author={Simonyan, Karen and Vedaldi, Andrea and Zisserman, Andrew},
  booktitle=wiclr,
  year={2014}
}

@inproceedings{Tan2021EfficientNetV2SM,
  title={EfficientNetV2: Smaller Models and Faster Training},
  author={Mingxing Tan and Quoc V. Le},
  booktitle = icml,
  year={2021},
}

@article{el2021xcit,
  title={XCiT: Cross-Covariance Image Transformers},
  author={El-Nouby, Alaaeldin and Touvron, Hugo and Caron, Mathilde and Bojanowski, Piotr and Douze, Matthijs and Joulin, Armand and Laptev, Ivan and Neverova, Natalia and Synnaeve, Gabriel and Verbeek, Jakob and others},
  journal={arXiv preprint arXiv:2106.09681},
  year={2021}
}


@InProceedings{you20lamb,
title = {Large Batch Optimization for Deep Learning: Training {BERT} in 76 minutes}, 
author = {Yang You and  Jing Li and  Sashank Reddi and Jonathan Hseu and  Sanjiv Kumar and  Srinadh Bhojanapalli and Xiaodan Song and James Demmel and  Kurt Keutzer and Cho-Jui Hsieh}, 
booktitle = iclr, 
year = {2020}
}

@TECHREPORT {picard21luckyseed2,
    author      = "David Picard",
    title       = "\texttt{torch.manual\_seed(3407)} is all you need: On the influence of random seeds in deep learning architectures for computer vision",
    institution = "Ecole des Ponts",
    year        = "2021",
    type        = "Technical report",
    month       = "sep",
    url         = {https://davidpicard.github.io/pdf/lucky\_seed.pdf}
}

@article {picard21luckyseed,
    author      = "David Picard",
    title       = "\texttt{torch.manual\_seed(3407)} is all you need: On the influence of random seeds in deep learning architectures for computer vision",
    year        = "2021",
    month       = "sep",
   journal   = {arXiv preprint arXiv:2109.08203}
}

@article{Hendrycks2020AugMixAS,
  title={AugMix: A Simple Data Processing Method to Improve Robustness and Uncertainty},
  author={Dan Hendrycks and Norman Mu and E. D. Cubuk and Barret Zoph and J. Gilmer and Balaji Lakshminarayanan},
  journal={arXiv preprint arXiv:1912.02781},
  year={2020},
}


@article{Bello2021RevisitingRI,
  title={Revisiting {ResNets}: Improved Training and Scaling Strategies},
  author={Irwan Bello and W. Fedus and Xianzhi Du and E. D. Cubuk and A. Srinivas and Tsung-Yi Lin and Jonathon Shlens and Barret Zoph},
  journal={arXiv preprint arXiv:2103.07579},
  year={2021},
}

@article{Horn2018INaturalist,
  author    = {Grant Van Horn and
               Oisin {Mac Aodha} and
               Yang Song and
               Alexander Shepard and
               Hartwig Adam and
               Pietro Perona and
               Serge J. Belongie},
  title     = {The iNaturalist Challenge 2018 Dataset},
  journal   = {arXiv preprint arXiv:1707.06642},
  year      = {2018}
}


@article{liu2021mlp,
  title={Pay Attention to {MLP}s},
  author={Hanxiao Liu and  Zihang Dai and  David R. So and Quoc V. Le},
  journal={arXiv preprint arXiv:2105.08050},
  year={2021}
}

@article{ding2021repmlp,
  title={{RepMLP}: Re-parameterizing Convolutions into Fully-connected Layers for Image Recognition},
  author={Ding, Xiaohan and Zhang, Xiangyu and Han, Jungong and Ding, Guiguang},
  journal={arXiv preprint arXiv:2105.01883},
  year={2021}
}

@techreport{Krizhevsky2009LearningML,
  title={Learning Multiple Layers of Features from Tiny Images},
  author={Alex Krizhevsky},
  institution={CIFAR},
  year={2009}
}


@article{Selvaraju2019GradCAMVE,
  title={Grad-CAM: Visual Explanations from Deep Networks via Gradient-Based Localization},
  author={Ramprasaath R. Selvaraju and Abhishek Das and Ramakrishna Vedantam and Michael Cogswell and Devi Parikh and Dhruv Batra},
  journal=ijcv,
  year={2019},
  volume={128},
}

@article{Chattopadhyay2018GradCAMGG,
  title={Grad-CAM++: Generalized Gradient-Based Visual Explanations for Deep Convolutional Networks},
  author={Aditya Chattopadhyay and Anirban Sarkar and Prantik Howlader and Vineeth N. Balasubramanian},
  journal={2018 IEEE Winter Conference on Applications of Computer Vision (WACV)},
  year={2018},
}

@article{Wang2020ScoreCAMSV,
  title={Score-CAM: Score-Weighted Visual Explanations for Convolutional Neural Networks},
  author={Haofan Wang and Zifan Wang and Mengnan Du and Fan Yang and Zijian Zhang and Sirui Ding and Piotr Mardziel and Xia Hu},
  journal={2020 IEEE/CVF Conference on Computer Vision and Pattern Recognition Workshops (CVPRW)},
  year={2020},
}

@inproceedings{ott2018scaling,
    title = "Scaling Neural Machine Translation",
    author = "Ott, Myle  and
      Edunov, Sergey  and
      Grangier, David  and
      Auli, Michael",
    booktitle = "ACL",
    year = "2018",
    publisher = "Association for Computational Linguistics",
    url = "https://www.aclweb.org/anthology/W18-6301",
    doi = "10.18653/v1/W18-6301",
    pages = "1--9",
}

@article{wu2016google,
  title={Google's neural machine translation system: Bridging the gap between human and machine translation},
  author={Wu, Yonghui and Schuster, Mike and Chen, Zhifeng and Le, Quoc V and Norouzi, Mohammad and Macherey, Wolfgang and Krikun, Maxim and Cao, Yuan and Gao, Qin and Macherey, Klaus and others},
  journal={arXiv preprint arXiv:1609.08144},
  year={2016}
}

@InProceedings{gehring2017convolutional, title = {Convolutional Sequence to Sequence Learning}, author = {Jonas Gehring and Michael Auli and David Grangier and Denis Yarats and Yann N. Dauphin}, booktitle = {Proceedings of the 34th International Conference on Machine Learning}, pages = {1243--1252}, year = {2017}, editor = {Precup, Doina and Teh, Yee Whye}, volume = {70}, series = {Proceedings of Machine Learning Research}, month = {06--11 Aug}, publisher = {PMLR}, pdf = {http://proceedings.mlr.press/v70/gehring17a/gehring17a.pdf}, url = { http://proceedings.mlr.press/v70/gehring17a.html }, abstract = {The prevalent approach to sequence to sequence learning maps an input sequence to a variable length output sequence via recurrent neural networks. We introduce an architecture based entirely on convolutional neural networks. Compared to recurrent models, computations over all elements can be fully parallelized during training to better exploit the GPU hardware and optimization is easier since the number of non-linearities is fixed and independent of the input length. Our use of gated linear units eases gradient propagation and we equip each decoder layer with a separate attention module. We outperform the accuracy of the deep LSTM setup of Wu et al. (2016) on both WMT’14 English-German and WMT’14 English-French translation at an order of magnitude faster speed, both on GPU and CPU.} }

@InProceedings{glorot11relu, 
title = {Deep Sparse Rectifier Neural Networks}, 
author = {Glorot, Xavier and Bordes, Antoine and Bengio, Yoshua}, 
booktitle = icml, 
year = {2011}
}

@article{Howard2017MobileNetsEC,
  title={MobileNets: Efficient Convolutional Neural Networks for Mobile Vision Applications},
  author={Andrew G. Howard and Menglong Zhu and Bo Chen and Dmitry Kalenichenko and Weijun Wang and Tobias Weyand and M. Andreetto and Hartwig Adam},
  journal={arXiv preprint arXiv:1704.04861},
  year={2017},
}

@article{melaskyriazi2021doyoueven,
  title={Do You Even Need Attention? {A} Stack of Feed-Forward Layers Does Surprisingly Well on {ImageNet}},
  author={Luke Melas-Kyriazi},
  journal={arXiv preprint arXiv:2105.02723},
  year={2021}
}
@article{Zoph2018LearningTA,
  title={Learning Transferable Architectures for Scalable Image Recognition},
  author={Barret Zoph and Vijay Vasudevan and Jonathon Shlens and Quoc V. Le},
  journal=cvpr,
  year={2018},
}
%-------------[ Transformers ]---------------------
@article{tolstikhin2021MLPMixer,
  title={{MLP-Mixer}: An all-{MLP} Architecture for Vision},
  author={Ilya Tolstikhin and Neil Houlsby and Alexander Kolesnikov and Lucas Beyer and Xiaohua Zhai and Thomas Unterthiner and Jessica Yung and Daniel Keysers and Jakob Uszkoreit and Mario Lucic and Alexey Dosovitskiy},
  journal={arXiv preprint arXiv:2105.01601},
  year={2021}
}

@article{el2021training,
  title={Training Vision Transformers for Image Retrieval},
  author={El-Nouby, Alaaeldin and Neverova, Natalia and Laptev, Ivan and J{\'e}gou, Herv{\'e}},
  journal={arXiv preprint arXiv:2102.05644},
  year={2021}
}

@article{touvron2021going,
  title={Going deeper with Image Transformers},
  author={Touvron, Hugo and Cord, Matthieu and Sablayrolles, Alexandre and Synnaeve, Gabriel and J{\'e}gou, Herv{\'e}},
  journal=iccv,
  year={2021}
}

@article{jaegle2021perceiver,
  title={Perceiver: General Perception with Iterative Attention},
  author={Jaegle, Andrew and Gimeno, Felix and Brock, Andrew and Zisserman, Andrew and Vinyals, Oriol and Carreira, Joao},
  journal={arXiv preprint arXiv:2103.03206},
  year={2021}
}


@inproceedings{Srivastava2015TrainingVD,
  title={Training Very Deep Networks},
  author={R. Srivastava and Klaus Greff and J. Schmidhuber},
  booktitle=nips,
  year={2015}
}
@article{Shazeer2020TalkingHeadsA,
  title={Talking-Heads Attention},
  author={Noam Shazeer and Zhenzhong Lan and Youlong Cheng and N. Ding and L. Hou},
  journal={arXiv preprint arXiv:2003.02436},
  year={2020},
}

@article{Brock2021HighPerformanceLI,
  title={High-Performance Large-Scale Image Recognition Without Normalization},
  author={A. Brock and Soham De and S. L. Smith and K. Simonyan},
  journal={arXiv preprint arXiv:2102.06171},
  year={2021}
}

@article{Dong2021CSWinTA,
  title={CSWin Transformer: A General Vision Transformer Backbone with Cross-Shaped Windows},
  author={Xiaoyi Dong and Jianmin Bao and Dongdong Chen and Weiming Zhang and Nenghai Yu and Lu Yuan and Dong Chen and Baining Guo},
  journal={arXiv preprint arXiv:2107.00652},
  year={2021},
}

@article{de2020batch,
  title={Batch normalization biases residual blocks towards the identity function in deep networks},
  author={De, Soham and Smith, Samuel L},
  journal={arXiv e-prints},
  pages={arXiv--2002},
  year={2020}
}

@article{brock2021characterizing,
  title={Characterizing signal propagation to close the performance gap in unnormalized ResNets},
  author={Brock, Andrew and De, Soham and Smith, Samuel L},
  journal={arXiv preprint arXiv:2101.08692},
  year={2021}
}

@inproceedings{Glorot2010UnderstandingTD,
  title={Understanding the difficulty of training deep feedforward neural networks},
  author={Xavier Glorot and Yoshua Bengio},
  booktitle=aistats,
  year={2010}
}

@article{frankle2018lottery,
  title={The lottery ticket hypothesis: Finding sparse, trainable neural networks},
  author={Frankle, Jonathan and Carbin, Michael},
  journal={arXiv preprint arXiv:1803.03635},
  year={2018}
}

@article{kingma2018glow,
  title={Glow: Generative flow with invertible 1x1 convolutions},
  author={Kingma, Diederik P and Dhariwal, Prafulla},
  journal={arXiv preprint arXiv:1807.03039},
  year={2018}
}


@article{Zhang2019FixupIR,
  title={Fixup Initialization: Residual Learning Without Normalization},
  author={Hongyi Zhang and Yann Dauphin and Tengyu Ma},
  journal={arXiv preprint arXiv:1901.09321},
  year={2019},
}
@article{Romero2015FitNetsHF,
  title={FitNets: Hints for Thin Deep Nets},
  author={A. Romero and Nicolas Ballas and S. Kahou and Antoine Chassang and C. Gatta and Yoshua Bengio},
  journal={arXiv preprint arXiv:1412.6550},
  year={2015},
}
@article{Xie2020AdversarialEI,
  title={Adversarial Examples Improve Image Recognition},
  author={Cihang Xie and Mingxing Tan and Boqing Gong and Jiang Wang and A. Yuille and Quoc V. Le},
  journal=cvpr,
  year={2020},
}
@article{Xiao2018DynamicalIA,
  title={Dynamical Isometry and a Mean Field Theory of CNNs: How to Train 10, 000-Layer Vanilla Convolutional Neural Networks},
  author={L. Xiao and Y. Bahri and Jascha Sohl-Dickstein and S. Schoenholz and Jeffrey Pennington},
  journal={arXiv preprint arXiv:1806.05393},
  year={2018},
}

@article{Bachlechner2020ReZeroIA,
  title={ReZero is All You Need: Fast Convergence at Large Depth},
  author={Thomas C. Bachlechner and Bodhisattwa Prasad Majumder and H. H. Mao and G. Cottrell and Julian McAuley},
  journal={arXiv preprint arXiv:2003.04887},
  year={2020},
}

@article{Srivastava2015HighwayN,
  title={Highway Networks},
  author={R. Srivastava and Klaus Greff and J. Schmidhuber},
  journal={arXiv preprint arXiv:1505.00387},
  year={2015},
}
@article{Yuan2021TokenstoTokenVT,
  title={Tokens-to-Token ViT: Training Vision Transformers from Scratch on ImageNet},
  author={L. Yuan and Y. Chen and Tao Wang and Weihao Yu and Yujun Shi and F. Tay and Jiashi Feng and S. Yan},
  journal={arXiv preprint arXiv:2101.11986},
  year={2021},
}

@article{Han2021TransformerIT,
  title={Transformer in Transformer},
  author={Kai Han and An Xiao and Enhua Wu and Jianyuan Guo and Chunjing Xu and Yunhe Wang},
  journal={arXiv preprint arXiv:2103.00112},
  year={2021},
}


@inproceedings{Ramachandran2019StandAloneSI,
  title={Stand-Alone Self-Attention in Vision Models},
  author={Prajit Ramachandran and Niki Parmar and Ashish Vaswani and I. Bello and Anselm Levskaya and Jonathon Shlens},
  booktitle=neurips,
  year={2019}
}

@inproceedings{parmar2018image,
  title={Image transformer},
  author={Parmar, Niki and Vaswani, Ashish and Uszkoreit, Jakob and Kaiser, Lukasz and Shazeer, Noam and Ku, Alexander and Tran, Dustin},
  booktitle=icml,
  year={2018}
}

@article{Srinivas2021BottleneckTF,
  title={Bottleneck Transformers for Visual Recognition},
  author={A. Srinivas and Tsung-Yi Lin and Niki Parmar and Jonathon Shlens and P. Abbeel and Ashish Vaswani},
  journal={arXiv preprint arXiv:2101.11605},
  year={2021},
}

@article{vaswani2021scaling,
  title={Scaling Local Self-Attention for Parameter Efficient Visual Backbones}, 
  author={Ashish Vaswani and Prajit Ramachandran and Aravind Srinivas and Niki Parmar and Blake Hechtman and Jonathon Shlens},
  journal={arXiv preprint arXiv:2103.12731},
  year={2021},
}

@inproceedings{Wei2020CircumventingOO,
  title={Circumventing Outliers of AutoAugment with Knowledge Distillation},
  author={Longhui Wei and An Xiao and Lingxi Xie and X. Chen and Xiaopeng Zhang and Q. Tian},
  booktitle=eccv,
  year={2020}
}

@article{Pham2020MetaPL,
  title={Meta Pseudo Labels},
  author={H. Pham and Qizhe Xie and Zihang Dai and Quoc V. Le},
  journal={arXiv preprint arXiv:2003.10580},
  year={2020},
}

@article{Touvron2020TrainingDI,
  title={Training data-efficient image transformers \& distillation through attention},
  author={Hugo Touvron and M. Cord and M. Douze and F. Massa and Alexandre Sablayrolles and H. J{\'e}gou},
  journal=icml,
  year={2021},
}


@article{li2019visualbert,
  title={{VisualBERT:} A simple and performant baseline for vision and language},
  author={Li, Liunian Harold and Yatskar, Mark and Yin, Da and Hsieh, Cho-Jui and Chang, Kai-Wei},
  journal={arXiv preprint arXiv:1908.03557},
  year={2019}
}

@article{wu2020visual,
  title={Visual Transformers: Token-based Image Representation and Processing for Computer Vision},
  author={Wu, Bichen and Xu, Chenfeng and Dai, Xiaoliang and Wan, Alvin and Zhang, Peizhao and Tomizuka, Masayoshi and Keutzer, Kurt and Vajda, Peter},
  journal={arXiv preprint arXiv:2006.03677},
  year={2020}
}

@article{liu2020understanding,
  title={Understanding the Difficulty of Training Transformers},
  author={Liu, Liyuan and Liu, Xiaodong and Gao, Jianfeng and Chen, Weizhu and Han, Jiawei},
  journal={arXiv preprint arXiv:2004.08249},
  year={2020}
}

@article{abnar2020transferring,
  title={Transferring Inductive Biases through Knowledge Distillation},
  author={Abnar, Samira and Dehghani, Mostafa and Zuidema, Willem},
  journal={arXiv preprint arXiv:2006.00555},
  year={2020}
}

@article{ruiz2020distilled,
  title={Distilled Hierarchical Neural Ensembles with Adaptive Inference Cost},
  author={Ruiz, Adri{\`a} and Verbeek, Jakob},
  journal={arXiv preprint arXiv:2003.01474},
  year={2020}
}

@inproceedings{Sutskever2013OnTI,
  title={On the importance of initialization and momentum in deep learning},
  author={Ilya Sutskever and James Martens and George E. Dahl and Geoffrey E. Hinton},
  booktitle=icml,
  year={2013}
}

@inproceedings{he2019bag,
  title={Bag of tricks for image classification with convolutional neural networks},
  author={He, Tong and Zhang, Zhi and Zhang, Hang and Zhang, Zhongyue and Xie, Junyuan and Li, Mu},
  booktitle=cvpr,
  year={2019}
}




@inproceedings{hoffer2020augment,
  title={Augment Your Batch: Improving Generalization Through Instance Repetition},
  author={Hoffer, Elad and Ben-Nun, Tal and Hubara, Itay and Giladi, Niv and Hoefler, Torsten and Soudry, Daniel},
  booktitle=cvpr,
  year={2020}
}



@article{zhu2020deformable,
  title={Deformable DETR: Deformable Transformers for End-to-End Object Detection},
  author={Zhu, Xizhou and Su, Weijie and Lu, Lewei and Li, Bin and Wang, Xiaogang and Dai, Jifeng},
  journal={arXiv preprint arXiv:2010.04159},
  year={2020}
}

@inproceedings{zhang2020feature,
  title={Feature pyramid transformer},
  author={Zhang, Dong and Zhang, Hanwang and Tang, Jinhui and Wang, Meng and Hua, Xiansheng and Sun, Qianru},
  booktitle=eccv,
  year={2020},
  organization={Springer}
}

@article{shen2020global,
  title={Global Self-Attention Networks for Image Recognition},
  author={Shen, Zhuoran and Bello, Irwan and Vemulapalli, Raviteja and Jia, Xuhui and Chen, Ching-Hui},
  journal={arXiv preprint arXiv:2010.03019},
  year={2020}
}

@inproceedings{carion2020end,
  title={End-to-End Object Detection with Transformers},
  author={Carion, Nicolas and Massa, Francisco and Synnaeve, Gabriel and Usunier, Nicolas and Kirillov, Alexander and Zagoruyko, Sergey},
  booktitle=eccv,
  year={2020}
}
@article{Yuan2019RevisitKD,
  title={Revisit Knowledge Distillation: a Teacher-free Framework},
  author={L. Yuan and F. Tay and G. Li and T. Wang and Jiashi Feng},
  journal=cvpr,
  year={2020},
}

@inproceedings{Lu2019ViLBERTPT,
  title={ViLBERT: Pretraining Task-Agnostic Visiolinguistic Representations for Vision-and-Language Tasks},
  author={Jiasen Lu and Dhruv Batra and D. Parikh and Stefan Lee},
  booktitle=nips,
  year={2019}
}
@inproceedings{Chen2020UNITERUI,
  title={UNITER: UNiversal Image-TExt Representation Learning},
  author={Yen-Chun Chen and Linjie Li and Licheng Yu and A. E. Kholy and Faisal Ahmed and Zhe Gan and Y. Cheng and Jing-jing Liu},
  booktitle=eccv,
  year={2020}
}
@article{Locatello2020ObjectCentricLW,
  title={Object-Centric Learning with Slot Attention},
  author={Francesco Locatello and Dirk Weissenborn and Thomas Unterthiner and Aravindh Mahendran and Georg Heigold and Jakob Uszkoreit and A. Dosovitskiy and Thomas Kipf},
  journal={arXiv preprint arXiv:2006.15055},
  year={2020},
}
@article{Hu2018RelationNF,
  title={Relation Networks for Object Detection},
  author={H. Hu and Jiayuan Gu and Zheng Zhang and Jifeng Dai and Y. Wei},
  journal=cvpr,
  year={2018},
}
@article{Sun2019VideoBERTAJ,
  title={VideoBERT: A Joint Model for Video and Language Representation Learning},
  author={C. Sun and A. Myers and Carl Vondrick and Kevin Murphy and C. Schmid},
  journal=cvpr,
  year={2019},
}
@inproceedings{dosovitskiy2020image,
  title={An image is worth 16x16 words: Transformers for image recognition at scale},
  author={Dosovitskiy, Alexey and Beyer, Lucas and Kolesnikov, Alexander and Weissenborn, Dirk and Zhai, Xiaohua and Unterthiner, Thomas and Dehghani, Mostafa and Minderer, Matthias and Heigold, Georg and Gelly, Sylvain and others},
  booktitle = iclr,
  year={2021}
}

@inproceedings{chen2020generative,
  title={Generative pretraining from pixels},
  author={Chen, Mark and Radford, Alec and Child, Rewon and Wu, Jeffrey and Jun, Heewoo and Luan, David and Sutskever, Ilya},
  booktitle=icml,
  year={2020}
}

@article{child2019generating,
  title={Generating long sequences with sparse transformers},
  author={Child, Rewon and Gray, Scott and Radford, Alec and Sutskever, Ilya},
  journal={arXiv preprint arXiv:1904.10509},
  year={2019}
}


@inproceedings{devlin2018bert,
  title={{BERT}: Pre-training of deep bidirectional transformers for language understanding},
  author={Devlin, Jacob and Chang, Ming-Wei and Lee, Kenton and Toutanova, Kristina},
  booktitle=naacl,
  year={2019}
}

%-------------[ Transformers ]---------------------



@misc{cycleGANtasks,
  title = {CycleGAN tasks},
  author={Zhu, Jun-Yan and Park, Taesung and Isola, Phillip and Efros, Alexei A},
  howpublished = {\url{https://people.eecs.berkeley.edu/~taesung\_park/CycleGAN/datasets/}},
  note = {Accessed: 2019-12-20}
}

@misc{fairscale,
  title = {FairScale},
  howpublished = {\url{https://github.com/facebookresearch/fairscale}},
  note = {Accessed: 2021-02-01}
}

@misc{pytorch,
  title = {PyTorch},
  howpublished = {\url{https://pytorch.org/vision/stable/index.html}},
  note = {Accessed: 2021-08-01}
}


@misc{pretrainedpytorch,
  title = {Pre-trained pytorch models},
  howpublished = {\url{https://github.com/Cadene/pretrained-models.pytorch}},
  note = {Accessed: 2019-05-23}
}

@misc{pytorchmodels,
  author = {Ross Wightman},
  title = {PyTorch Image Models},
  year = {2019},
  publisher = {GitHub},
  journal = {GitHub repository},
  doi = {10.5281/zenodo.4414861},
  howpublished = {\url{https://github.com/rwightman/pytorch-image-models}}
}

@inproceedings{paszke2019pytorch,
  title={PyTorch: An imperative style, high-performance deep learning library},
  author={Paszke, Adam and Gross, Sam and Massa, Francisco and Lerer, Adam and Bradbury, James and Chanan, Gregory and Killeen, Trevor and Lin, Zeming and Gimelshein, Natalia and Antiga, Luca and others},
  booktitle={Advances in neural information processing systems},
  pages={8026--8037},
  year={2019}
}

@misc{pretrainedpytorchWSL,
  title = {PyTorch Hub models},
  howpublished = {\url{https://pytorch.org/hub/facebookresearch_WSL-Images_resnext/}},
  note = {Accessed: 2019-06-26}
}

%----------------------------------[ 2021 ]----------------------------------


@article{dollar2021fast,
  title={Fast and Accurate Model Scaling},
  author={Doll{\'a}r, Piotr and Singh, Mannat and Girshick, Ross},
  journal={arXiv preprint arXiv:2103.06877},
  year={2021}
}

%----------------------------------[ 2020 ]----------------------------------
@inproceedings{Dollr2021FastAA,
  title={Fast and Accurate Model Scaling},
  author={Piotr Doll{\'a}r and Mannat Singh and Ross B. Girshick},
  booktitle=cvpr,
  year={2021},
}

@inproceedings{huang2020improving,
  title={Improving transformer optimization through better initialization},
  author={Huang, Xiao Shi and Perez, Felipe and Ba, Jimmy and Volkovs, Maksims},
  booktitle={International Conference on Machine Learning},
  pages={4475--4483},
  year={2020},
  organization={PMLR}
}

@inproceedings{bello2021lambdanetworks,
title={LambdaNetworks: Modeling long-range Interactions without Attention},
author={Irwan Bello},
booktitle=iclr,
year={2021},
}

@inproceedings{zhao2020exploring,
  title={Exploring self-attention for image recognition},
  author={Zhao, Hengshuang and Jia, Jiaya and Koltun, Vladlen},
  booktitle=cvpr,
  year={2020}
}

@article{Zhang2020ResNeStSN,
  title={ResNeSt: Split-Attention Networks},
  author={Hang Zhang and Chongruo Wu and Zhongyue Zhang and Yi Zhu and Zhi-Li Zhang and Haibin Lin and Yu-e Sun and Tong He and Jonas Mueller and R. Manmatha and M. Li and Alex Smola},
  journal={arXiv preprint arXiv:2004.08955},
  year={2020},
}

@article{Touvron2020GrafitLF,
  title={Grafit: Learning fine-grained image representations with coarse labels},
  author={Hugo Touvron and Alexandre Sablayrolles and M. Douze and M. Cord and H. J{\'e}gou},
  journal=iccv,
  year={2021},
}

@article{Touvron2021ResMLPFN,
  title={{ResMLP:} Feedforward networks for image classification with data-efficient training},
  author={Hugo Touvron and Piotr Bojanowski and Mathilde Caron and M. Cord and Alaaeldin El-Nouby and Edouard Grave and Armand Joulin and Gabriel Synnaeve and Jakob Verbeek and Herv{\'e} J{\'e}gou},
  journal={arXiv preprint arXiv:2105.03404},
  year={2021},
}


@article{kolesnikov2019big,
  title={Big transfer (bit): General visual representation learning},
  author={Kolesnikov, Alexander and Beyer, Lucas and Zhai, Xiaohua and Puigcerver, Joan and Yung, Jessica and Gelly, Sylvain and Houlsby, Neil},
  journal={arXiv preprint arXiv:1912.11370},
  volume={6},
  pages={3},
  year={2019}
}

@inproceedings{sun2017revisiting,
  title={Revisiting unreasonable effectiveness of data in deep learning era},
  author={Sun, Chen and Shrivastava, Abhinav and Singh, Saurabh and Gupta, Abhinav},
  booktitle={Proceedings of the IEEE international conference on computer vision},
  pages={843--852},
  year={2017}
}
@inproceedings{Recht2019ImageNetv2,
  title={Do {ImageNet} Classifiers Generalize to {ImageNet}?},
  author={B. Recht and Rebecca Roelofs and L. Schmidt and V. Shankar},
  booktitle=icml,
  year={2019}
}

@article{Beyer2020ImageNetReal,
  title={Are we done with {ImageNet}?},
  author={Lucas Beyer and Olivier J. H{\'e}naff and Alexander Kolesnikov and Xiaohua Zhai and Aaron van den Oord},
  journal={arXiv preprint arXiv:2006.07159},
  year={2020},
}
@misc{damour2020underspecification,
      title={Underspecification Presents Challenges for Credibility in Modern Machine Learning}, 
      author={Alexander D'Amour and Katherine Heller and Dan Moldovan and Ben Adlam and Babak Alipanahi and Alex Beutel and Christina Chen and Jonathan Deaton and Jacob Eisenstein and Matthew D. Hoffman and Farhad Hormozdiari and Neil Houlsby and Shaobo Hou and Ghassen Jerfel and Alan Karthikesalingam and Mario Lucic and Yian Ma and Cory McLean and Diana Mincu and Akinori Mitani and Andrea Montanari and Zachary Nado and Vivek Natarajan and Christopher Nielson and Thomas F. Osborne and Rajiv Raman and Kim Ramasamy and Rory Sayres and Jessica Schrouff and Martin Seneviratne and Shannon Sequeira and Harini Suresh and Victor Veitch and Max Vladymyrov and Xuezhi Wang and Kellie Webster and Steve Yadlowsky and Taedong Yun and Xiaohua Zhai and D. Sculley},
      year={2020},
      eprint={2011.03395},
      archivePrefix={arXiv},
      primaryClass={cs.LG}
}

@article{Grill2020BootstrapYO,
  title={Bootstrap Your Own Latent: A New Approach to Self-Supervised Learning},
  author={Jean-Bastien Grill and Florian Strub and Florent Altch{\'e} and Corentin Tallec and Pierre H. Richemond and Elena Buchatskaya and Carl Doersch and Bernardo Avila Pires and Zhaohan Daniel Guo and Mohammad Gheshlaghi Azar and Bilal Piot and Koray Kavukcuoglu and R{\'e}mi Munos and Michal Valko},
  journal={arXiv preprint arXiv:2006.07733},
  year={2020},
}
@article{Chu2020FeatureSA,
  title={Feature Space Augmentation for Long-Tailed Data},
  author={P. Chu and Xiao Bian and Shaopeng Liu and Haibin Ling},
  journal={arXiv preprint arXiv:2008.03673},
  year={2020},
}
@article{Ridnik2020TResNetHP,
  title={TResNet: High Performance GPU-Dedicated Architecture},
  author={T. Ridnik and Hussam Lawen and Asaf Noy and Itamar Friedman},
  journal={arXiv preprint arXiv:2003.13630},
  year={2020},
}
@article{Caron2020UnsupervisedLO,
  title={Unsupervised Learning of Visual Features by Contrasting Cluster Assignments},
  author={Mathilde Caron and Ishan Misra and Julien Mairal and Priya Goyal and Piotr Bojanowski and Armand Joulin},
  journal={arXiv preprint arXiv:2006.09882},
  year={2020},
}

@article{Goyal2021NondeepN,
  title={Non-deep Networks},
  author={Ankit Goyal and Alexey Bochkovskiy and Jia Deng and Vladlen Koltun},
  journal={arXiv preprint arXiv:2110.07641},
  year={2021},
}

@article{Boucheron2005Rademacher,
  title={Theory of classification: A survey of some recent advances},
  author={Stéphane Boucheron and Olivier Bousquet and Gabor Lugosi},
  journal={ESAIM: probability and statistics},
  year={2005},
}

@inproceedings{gidaris2020,
      title={Learning Representations by Predicting Bags of Visual Words}, 
      author={Spyros Gidaris and Andrei Bursuc and Nikos Komodakis and Patrick Pérez and Matthieu Cord},
      year={2020},
      booktitle=cvpr
}

@article{Zagoruyko2016WideRN,
  title={Wide Residual Networks},
  author={Sergey Zagoruyko and Nikos Komodakis},
  journal={arXiv preprint arXiv:1605.07146},
  year={2016},
}


@article{Chen2020ASF,
  title={A Simple Framework for Contrastive Learning of Visual Representations},
  author={Ting Chen and Simon Kornblith and Mohammad Norouzi and Geoffrey E. Hinton},
  journal={arXiv preprint arXiv:2002.05709},
  year={2020},
}
@inproceedings{wvangansbeke2020learning,
  title={SCAN: Learning to Classify Images without Labels},
  author={Van Gansbeke, Wouter and Vandenhende, Simon and Georgoulis, Stamatios and Proesmans, Marc and Van Gool, Luc},
  booktitle=eccv,
  year={2020}
}

@inproceedings{Lin2014MicrosoftCC,
  title={Microsoft COCO: Common Objects in Context},
  author={Tsung-Yi Lin and Michael Maire and Serge J. Belongie and James Hays and Pietro Perona and Deva Ramanan and Piotr Doll{\'a}r and C. Lawrence Zitnick},
  booktitle=eccv,
  year={2014}
}

@inproceedings{Kingma2018GlowGF,
  title={Glow: Generative Flow with Invertible 1x1 Convolutions},
  author={Diederik P. Kingma and Prafulla Dhariwal},
  booktitle={NeurIPS},
  year={2018}
}

@inproceedings{Donahue2019LargeSA,
  title={Large Scale Adversarial Representation Learning},
  author={Jeff Donahue and Karen Simonyan},
  booktitle={NeurIPS},
  year={2019}
}

@article{Kuznetsova2020TheOI,
  title={The Open Images Dataset V4},
  author={Alina Kuznetsova and Hassan Rom and Neil Alldrin and Jasper R. R. Uijlings and Ivan Krasin and Jordi Pont-Tuset and Shahab Kamali and Stefan Popov and Matteo Malloci and Tom Duerig and Vittorio Ferrari},
  journal={International Journal of Computer Vision},
  year={2020},
}
@article{Teh2020ProxyNCAplus,
  title={ProxyNCA++: Revisiting and Revitalizing Proxy Neighborhood Component Analysis},
  author={Eu Wern Teh and Terrance Devries and Graham W. Taylor},
  journal=eccv,
  year={2020},
}
@article{Touvron2020FixingTT,
  title={Fixing the train-test resolution discrepancy: FixEfficientNet},
  author={Hugo Touvron and Andrea Vedaldi and Matthijs Douze and Herv{\'e} J{\'e}gou},
  journal={arXiv preprint arXiv:2003.08237},
  year={2020},
}
@article{Jeon2020DifferentiableFI,
  title={Differentiable Fixed-Point Iteration Layer},
  author={Younahan Jeon and Minsik Lee and Jin Young Choi},
  journal={arXiv preprint arXiv:2002.02868},
  year={2020},
}
@article{Dehghani2021TheEM,
  title={The Efficiency Misnomer},
  author={Mostafa Dehghani and Anurag Arnab and Lucas Beyer and Ashish Vaswani and Yi Tay},
  journal={arXiv preprint arXiv:2110.12894},
  year={2021},
}

@article{Szegedy2016RethinkingTI,
  title={Rethinking the Inception Architecture for Computer Vision},
  author={Christian Szegedy and Vincent Vanhoucke and Sergey Ioffe and Jonathon Shlens and Zbigniew Wojna},
  journal=cvpr,
  year={2016},
}

@article{Li2020PrototypicalCL,
  title={Prototypical Contrastive Learning of Unsupervised Representations},
  author={Junnan Li and Pan Zhou and Caiming Xiong and Richard Socher and Steven C. H. Hoi},
  journal={arXiv preprint arXiv:2005.04966},
  year={2020},
}
@inproceedings{
anonymous2022patches,
title={Patches Are All You Need?},
author={Anonymous},
booktitle={Submitted to The Tenth International Conference on Learning Representations },
year={2022},
url={https://openreview.net/forum?id=TVHS5Y4dNvM},
note={under review}
}

@inproceedings{Yang2020WeblySI,
  title={Webly Supervised Image Classification with Self-Contained Confidence},
  author={J. Yang and Litong Feng and Weirong Chen and Xiaopeng Yan and H. Zheng and Ping Luo and Wayne Zhang},
  booktitle=eccv,
  year={2020}
}
@inproceedings{Xiao2018UnifiedPP,
  title={Unified Perceptual Parsing for Scene Understanding},
  author={Tete Xiao and Yingcheng Liu and Bolei Zhou and Yuning Jiang and Jian Sun},
  booktitle={ECCV},
  year={2018}
}

@article{Sohn2020FixMatchSS,
  title={FixMatch: Simplifying Semi-Supervised Learning with Consistency and Confidence},
  author={Kihyuk Sohn and David Berthelot and C. Li and Zizhao Zhang and N. Carlini and E. D. Cubuk and Alex Kurakin and Han Zhang and Colin Raffel},
  journal={arXiv preprint arXiv:2001.07685},
  year={2020},
}
@article{Asano2020SelflabellingVS,
  title={Self-labelling via simultaneous clustering and representation learning},
  author={Y. Asano and C. Rupprecht and A. Vedaldi},
  journal={arXiv preprint arXiv:1911.05371},
  year={2020},
}
@article{Zhou2017ScenePT,
  title={Scene Parsing through ADE20K Dataset},
  author={Bolei Zhou and Hang Zhao and Xavier Puig and Sanja Fidler and Adela Barriuso and Antonio Torralba},
  journal=cvpr,
  year={2017},
}

@article{Bello2019AttentionAC,
  title={Attention Augmented Convolutional Networks},
  author={Irwan Bello and Barret Zoph and Ashish Vaswani and Jonathon Shlens and Quoc V. Le},
  journal=iccv,
  year={2019},
}

%----------------------------------[ 2019 ]----------------------------------
@article{Li2019SelectiveKN,
  title={Selective Kernel Networks},
  author={Xiang Li and Wenhai Wang and Xiaolin Hu and Jian Yang},
  journal=cvpr,
  year={2019},
}

@article{Shen2020GlobalSN,
  title={Global Self-Attention Networks for Image Recognition},
  author={Zhuoran Shen and Irwan Bello and Raviteja Vemulapalli and Xuhui Jia and Ching-Hui Chen},
  journal={arXiv preprint arXiv:2010.03019},
  year={2020},
}

@article{Wu2019AHL,
  title={A hierarchical loss and its problems when classifying non-hierarchically},
  author={Cinna Wu and M. Tygert and Y. LeCun},
  journal={PLoS ONE},
  year={2019},
}
@article{Zhai2019S4LSS,
  title={S4L: Self-Supervised Semi-Supervised Learning},
  author={Xiaohua Zhai and A. Oliver and A. Kolesnikov and Lucas Beyer},
  journal=iccv,
  year={2019},
}
@article{Ji2019InvariantIC,
  title={Invariant Information Clustering for Unsupervised Image Classification and Segmentation},
  author={Xu Ji and Andrea Vedaldi and Jo{\~a}o F. Henriques},
  journal=iccv,
  year={2019},
}

@article{Wu2020VisualTT,
  title={Visual Transformers: Token-based Image Representation and Processing for Computer Vision},
  author={Bichen Wu and Chenfeng Xu and Xiaoliang Dai and Alvin Wan and Peizhao Zhang and Masayoshi Tomizuka and Kurt Keutzer and P{\'e}ter Vajda},
  journal={arXiv preprint arXiv:2006.03677},
  year={2020},
}

@Article{chen2020mocov2,
  author  = {Xinlei Chen and Haoqi Fan and Ross Girshick and Kaiming He},
  title   = {Improved Baselines with Momentum Contrastive Learning},
  journal = {arXiv preprint arXiv:2003.04297},
  year    = {2020},
}

@misc{viazovetskyi2020stylegan2,
    title={StyleGAN2 Distillation for Feed-forward Image Manipulation},
    author={Yuri Viazovetskyi and Vladimir Ivashkin and Evgeny Kashin},
    year={2020},
    journal={arXiv preprint arXiv:2003.03581},
}
@article{Heo2021RethinkingSD,
  title={Rethinking Spatial Dimensions of Vision Transformers},
  author={Byeongho Heo and Sangdoo Yun and Dongyoon Han and Sanghyuk Chun and Junsuk Choe and Seong Joon Oh},
  journal={arXiv preprint arXiv:2103.16302},
  year={2021},
}

@inproceedings{Zhong2020RandomED,
  title={Random Erasing Data Augmentation},
  author={Zhun Zhong and Liang Zheng and Guoliang Kang and Shaozi Li and Yi Yang},
  booktitle=aaai,
  year={2020}
}
@article{Gong2020MaxUpAS,
  title={MaxUp: A Simple Way to Improve Generalization of Neural Network Training},
  author={Chengyue Gong and Tongzheng Ren and Mao Ye and Qiang Liu},
  journal={arXiv preprint arXiv:2002.09024},
  year={2020},
}
@article{Xiao2021EarlyCH,
  title={Early Convolutions Help Transformers See Better},
  author={Tete Xiao and Mannat Singh and Eric Mintun and Trevor Darrell and Piotr Doll{\'a}r and Ross B. Girshick},
  journal={arXiv preprint arXiv:2106.14881},
  year={2021},
}
@article{Vo2020TowardUM,
  title={Toward unsupervised, multi-object discovery in large-scale image collections},
  author={Huy V. Vo and Patrick P{\'e}rez and Jean Ponce},
  journal={arXiv preprint arXiv:2007.02662},
  year={2020},
}
@article{Pouransari2020XCL,
  title={Extracurricular Learning: Knowledge Transfer Beyond Empirical Distribution},
  author={Hadi Pouransari and Oncel Tuzel},
  journal={arXiv preprint arXiv:2007.00051},
  year={2020},
}
@article{Radosavovic2020RegNet,
  title={Designing Network Design Spaces},
  author={Ilija Radosavovic and Raj Prateek Kosaraju and Ross B. Girshick and Kaiming He and Piotr Doll{\'a}r},
  journal=cvpr,
  year={2020},
}


@article{zhang2020resnest,
title={ResNeSt: Split-Attention Networks},
author={Zhang, Hang and Wu, Chongruo and Zhang, Zhongyue and Zhu, Yi and Zhang, Zhi and Lin, Haibin and Sun, Yue and He, Tong and Muller, Jonas and Manmatha, R. and Li, Mu and Smola, Alexander},
journal={arXiv preprint arXiv:2004.08955},
year={2020}
}
@article{Lee2020CompoundingTP,
  title={Compounding the Performance Improvements of Assembled Techniques in a Convolutional Neural Network},
  author={Jung-kyu Lee and Taeryun Won and Kiho Hong},
  journal={arXiv preprint arXiv:2001.06268},
  year={2020},
}


@inproceedings{dAscoli2021ConViTIV,
  title={ConViT: Improving Vision Transformers with Soft Convolutional Inductive Biases},
  author={St{\'e}phane d'Ascoli and Hugo Touvron and Matthew L. Leavitt and Ari S. Morcos and Giulio Biroli and Levent Sagun},
  booktitle={ICML},
  year={2021}
}
@article{Chefer2021TransformerIB,
  title={Transformer Interpretability Beyond Attention Visualization},
  author={Hila Chefer and Shir Gur and Lior Wolf},
  journal=cvpr,
  year={2021},
}

%----------------------------------[ 2019 ]----------------------------------

@article{fan2019reducing,
  title={Reducing transformer depth on demand with structured dropout},
  author={Fan, Angela and Grave, Edouard and Joulin, Armand},
  journal={arXiv preprint arXiv:1909.11556},
  year={2019},
  note = {ICLR 2020}
}

@inproceedings{fan2020training,
  title={Training with Quantization Noise for Extreme Model Compression.},
  author={Fan, Angela and Stock, Pierre and Graham, Benjamin and Grave, Edouard and Gribonval, R{\'e}mi and J{\'e}gou, Herv{\'e} and Joulin, Armand},
  booktitle=iclr,  
  year={2021}
}

@article{Dai2021CoAtNetMC,
  title={CoAtNet: Marrying Convolution and Attention for All Data Sizes},
  author={Zihang Dai and Hanxiao Liu and Quoc V. Le and Mingxing Tan},
  journal={arXiv preprint arXiv:2106.04803},
  year={2021},
}

@article{defossez2021differentiable,
      title={Differentiable Model Compression via Pseudo Quantization Noise}, 
      author={Alexandre Défossez and Yossi Adi and Gabriel Synnaeve},
      year={2021},
      journal={arXiv preprint arXiv:2104.09987},
}

@article{zheng2020rethinking,
  title={Rethinking Semantic Segmentation from a Sequence-to-Sequence Perspective with Transformers},
  author={Zheng, Sixiao and Lu, Jiachen and Zhao, Hengshuang and Zhu, Xiatian and Luo, Zekun and Wang, Yabiao and Fu, Yanwei and Feng, Jianfeng and Xiang, Tao and Torr, Philip HS and others},
  journal={arXiv preprint arXiv:2012.15840},
  year={2020}
}

@article{Cui2019MeasuringDG,
  title={Measuring Dataset Granularity},
  author={Yin Cui and Zeqi Gu and Dhruv Kumar Mahajan and Laurens van der Maaten and Serge J. Belongie and Ser-Nam Lim},
  journal={arXiv preprint arXiv:1912.10154},
  year={2019},
}
@inproceedings{xiao2018unified,
  title={Unified perceptual parsing for scene understanding},
  author={Xiao, Tete and Liu, Yingcheng and Zhou, Bolei and Jiang, Yuning and Sun, Jian},
  booktitle=eccv,
  year={2018}
}

@article{Cubuk2019RandAugmentPA,
  title={{RandAugment}: Practical automated data augmentation with a reduced search space},
  author={Ekin D. Cubuk and Barret Zoph and Jonathon Shlens and Quoc V. Le},
  journal={arXiv preprint arXiv:1909.13719},
  year={2019}
}
@article{Yan2019ClusterFitIG,
  title={ClusterFit: Improving Generalization of Visual Representations},
  author={Xueting Yan and Ishan Misra and Abhinav Gupta and Deepti Ghadiyaram and Dhruv Kumar Mahajan},
  journal=cvpr,
  year={2020},
}
@article{Kornblith2019DoBI,
  title={Do Better ImageNet Models Transfer Better?},
  author={Simon Kornblith and Jonathon Shlens and Quoc V. Le},
  journal=cvpr,
  year={2019},
}
@article{zhang2021multi,
  title={Multi-Scale Vision Longformer: A New Vision Transformer for High-Resolution Image Encoding},
  author={Zhang, Pengchuan and Dai, Xiyang and Yang, Jianwei and Xiao, Bin and Yuan, Lu and Zhang, Lei and Gao, Jianfeng},
  journal={arXiv preprint arXiv:2103.15358},
  year={2021}
}

@article{Touvron2019FixRes,
    title = {Fixing the train-test resolution discrepancy},
    author = {Touvron, Hugo and Vedaldi, Andrea and Douze, Matthijs and Jegou, Herve},
    journal = neurips,

    year = {2019},

}
@article{ranftl2021vision,
  title={Vision Transformers for Dense Prediction},
  author={Ranftl, Ren{\'e} and Bochkovskiy, Alexey and Koltun, Vladlen},
  journal={arXiv preprint arXiv:2103.13413},
  year={2021}
}

@inproceedings{he2017mask,
  title={Mask r-cnn},
  author={He, Kaiming and Gkioxari, Georgia and Doll{\'a}r, Piotr and Girshick, Ross},
  booktitle=iccv,
  year={2017}
}

@article{Zakharov2019FewShotAL,
  title={Few-Shot Adversarial Learning of Realistic Neural Talking Head Models},
  author={Egor Zakharov and Aliaksandra Shysheya and Egor Burkov and Victor S. Lempitsky},
  journal={arXiv preprint arXiv:1905.08233},
  year={2019},
}
@article{Xie2019SelftrainingWN,
  title={Self-training with Noisy Student improves ImageNet classification},
  author={Qizhe Xie and Eduard H. Hovy and Minh-Thang Luong and Quoc V. Le},
  journal={arXiv preprint arXiv:1911.04252},
  year={2019},
}
@article{Gao2019CrossDM,
  title={Cross Domain Model Compression by Structurally Weight Sharing},
  author={Shangqian Gao and Cheng Deng and Heng Huang},
  journal=cvpr,
  year={2019},
}
@article{Karnewar2019MSGGANMG,
  title={MSG-GAN: Multi-Scale Gradient GAN for Stable Image Synthesis},
  author={Animesh Karnewar and Oliver Wang and Raghu Sesha Iyengar},
  journal={arXiv preprint arXiv:1903.06048},
  year={2019},
}
@article{Lin2019COCOGANGB,
  title={COCO-GAN: Generation by Parts via Conditional Coordinating},
  author={Chieh Hubert Lin and Chia-Che Chang and Yu-Sheng Chen and Da-Cheng Juan and Wei Wei and Hwann-Tzong Chen},
  journal=iccv,
  year={2019},
}

@article{choi2019starganv2,
  title={StarGAN v2: Diverse Image Synthesis for Multiple Domains},
  author={Yunjey Choi and Youngjung Uh and Jaejun Yoo and Jung-Woo Ha},
  journal=cvpr,
  year={2020}
}
@inproceedings{rottshaham2019singan,
  title={SinGAN: Learning a Generative Model from a Single Natural Image},
  author={Rott Shaham, Tamar and Dekel, Tali and Michaeli, Tomer},
  booktitle=iccv,
  year={2019}
}


@article{berman2019multigrain,
  author    = {Maxim Berman and Herv{\'{e}} J{\'{e}}gou and Andrea Vedaldi and Iasonas Kokkinos and Matthijs Douze},
  title     = {MultiGrain: a unified image embedding for classes and instances},
  year      = {2019},
  journal   = {arXiv preprint arXiv:1902.05509}

}
@article{Yun2019CutMix,
  author    = {Sangdoo Yun and
               Dongyoon Han and
               Seong Joon Oh and
               Sanghyuk Chun and
               Junsuk Choe and
               Youngjoon Yoo},
  title     = {{CutMix}: Regularization Strategy to Train Strong Classifiers with Localizable
               Features},
  year      = {2019},

  journal   = {arXiv preprint arXiv:1905.04899},

}
@article{tan2019efficientnet,
  author    = {Mingxing Tan and Quoc V. Le},
  title     = {{EfficientNet}: Rethinking Model Scaling for Convolutional Neural Networks},
  year      = {2019},

  journal   = {arXiv preprint arXiv:1905.11946},

}
@article{Kiat2019Herbarium,
  author    = {Tan Kiat Chuan and Liu Yulong and Ambrose Barbara and Tulig Melissa and Belongie Serge},
  title     = {The Herbarium Challenge 2019 Dataset},
  journal   = {arXiv preprint arXiv:1906.05372},
  year      = {2019},

}
@article{Yalniz2019BillionscaleSL,
  title={Billion-scale semi-supervised learning for image classification},
  author={Ismet Zeki Yalniz and Herv{\'e} J{\'e}gou and Kan Chen and Manohar Paluri and Dhruv Kumar Mahajan},
  journal={arXiv preprint arXiv:1905.00546},
  year={2019},
}

@inproceedings{liu2019FUNIT,
  title={Few-Shot Unsupervised Image-to-Image Translation},
  author={Ming-Yu Liu and Xun Huang and Arun Mallya and Tero Karras and Timo Aila and Jaakko Lehtinen and Jan Kautz},
  booktitle=iccv,
  year={2019}
}

@article{Karras2018ASG,
  title={A Style-Based Generator Architecture for Generative Adversarial Networks},
  author={Tero Karras and Samuli Laine and Timo Aila},
  journal=cvpr,
  year={2019},
}
@article{Li2019FeedbackNF,
  title={Feedback Network for Image Super-Resolution},
  author={Zhen Li and Jinglei Yang and Zheng Liu and Xiaomin Yang and Gwanggil Jeon and Wei Wu},
  journal=cvpr,
  year={2019},
}
@article{Dai2019SecondOrderAN,
  title={Second-Order Attention Network for Single Image Super-Resolution},
  author={Tao Dai and Jianrui Cai and Yongbing Zhang and Shu-Tao Xia and Lefei Zhang},
  journal=cvpr,
  year={2019},
}
@Article{he2019moco,
  author  = {Kaiming He and Haoqi Fan and Yuxin Wu and Saining Xie and Ross Girshick},
  title   = {Momentum Contrast for Unsupervised Visual Representation Learning},
  journal = {arXiv preprint arXiv:1911.05722},
  year    = {2019},
}
@article{Vo2019UnsupervisedIM,
  title={Unsupervised Image Matching and Object Discovery as Optimization},
  author={Huy V. Vo and Francis Bach and Minsu Cho and Kai Han and Yann LeCun and Patrick P{\'e}rez and Jean Ponce},
  journal=cvpr,
  year={2019},
  pages={8279-8288}
}
@article{Fu2019GeometryConsistentGA,
  title={Geometry-Consistent Generative Adversarial Networks for One-Sided Unsupervised Domain Mapping},
  author={Huan Fu and Mingming Gong and Chaohui Wang and Kayhan Batmanghelich and Kun Zhang and Dacheng Tao},
  journal=cvpr,
  year={2019},
}
@article{Karras2019AnalyzingAI,
  title={Analyzing and Improving the Image Quality of StyleGAN},
  author={Tero Karras and Samuli Laine and Miika Aittala and Janne Hellsten and Jaakko Lehtinen and Timo Aila},
  journal={arXiv preprint arXiv:1912.04958},
  year={2019},
}
@article{Berthelot2019ReMixMatchSL,
  title={ReMixMatch: Semi-Supervised Learning with Distribution Alignment and Augmentation Anchoring},
  author={David Berthelot and N. Carlini and E. D. Cubuk and Alex Kurakin and Kihyuk Sohn and Han Zhang and Colin Raffel},
  journal={arXiv preprint arXiv:1911.09785},
  year={2019},
}
@inproceedings{Shah2019Multimodal,
author = {Shah, Manan and Viswanathan, Krishnamurthy and Lu, Chun-Ta and Fuxman, Ariel and Li, Zhen and Timofeev, Aleksei and Jia, Chao and Sun, Chen},
title = {Inferring Context from Pixels for Multimodal Image Classification},
year = {2019},
booktitle = {Proceedings of the 28th ACM International Conference on Information and Knowledge Management},
}
@inproceedings{Berthelot2019MixMatchAH,
  title={MixMatch: A Holistic Approach to Semi-Supervised Learning},
  author={David Berthelot and Nicholas Carlini and I. Goodfellow and Nicolas Papernot and A. Oliver and Colin Raffel},
  booktitle=neurips,
  year={2019}
}
@inproceedings{park2019SPADE,
  title={Semantic Image Synthesis with Spatially-Adaptive Normalization},
  author={Park, Taesung and Liu, Ming-Yu and Wang, Ting-Chun and Zhu, Jun-Yan},
  booktitle=cvpr,
  year={2019}
}
@article{Xie2019UnsupervisedDA,
  title={Unsupervised Data Augmentation for Consistency Training},
  author={Qizhe Xie and Zihang Dai and Eduard H. Hovy and Minh-Thang Luong and Quoc V. Le},
  journal={arXiv preprint arXiv:1904.12848},
  year={2019}
}
@article{Eshratifar2019Coarse2FineAT,
  title={Coarse2Fine: A Two-stage Training Method for Fine-grained Visual Classification},
  author={Amir Erfan Eshratifar and David Eigen and Michael J. Gormish and Massoud Pedram},
  journal={arXiv preprint arXiv:1909.02680},
  year={2019},
}
@inproceedings{Taherkhani_2019_ICCV,
    author = {Taherkhani, Fariborz and Kazemi, Hadi and Dabouei, Ali and Dawson, Jeremy and Nasrabadi, Nasser M.},
    title = {A Weakly Supervised Fine Label Classifier Enhanced by Coarse Supervision},
    booktitle = iccv,
    year = {2019}
}
@inproceedings{srivastava2014dropout,
  author  = {Nitish Srivastava and Geoffrey Hinton and Alex Krizhevsky and Ilya Sutskever and Ruslan Salakhutdinov},
  title   = {Dropout: A Simple Way to Prevent Neural Networks from Overfitting},
    booktitle = jmlr,
    year = {2014}
}
@article{Izmailov2018AveragingWL,
  title={Averaging Weights Leads to Wider Optima and Better Generalization},
  author={Pavel Izmailov and Dmitrii Podoprikhin and T. Garipov and D. Vetrov and A. G. Wilson},
  journal={arXiv preprint arXiv:1803.05407},
  year={2018},
}
@article{Khosla2020SupervisedCL,
  title={Supervised Contrastive Learning},
  author={Prannay Khosla and Piotr Teterwak and Chen Wang and Aaron Sarna and Yonglong Tian and Phillip Isola and Aaron Maschinot and Ce Liu and Dilip Krishnan},
  journal={arXiv preprint arXiv:2004.11362},
  year={2020},
}


@article{Polyak1992AccelerationOS,
  title={Acceleration of stochastic approximation by averaging},
  author={B. Polyak and A. Juditsky},
  journal={Siam Journal on Control and Optimization},
  year={1992},
}

@article{Horn2019INaturalist,
  author    = {Grant Van Horn and
               Oisin {Mac Aodha} and
               Yang Song and
               Alexander Shepard and
               Hartwig Adam and
               Pietro Perona and
               Serge J. Belongie},
  title     = {The {iNaturalist} Species Classification and Detection Dataset
},
  journal   = {arXiv preprint arXiv:1707.06642},
  year      = {2017},

}

@article{Horn2021INaturalist,
  author    = {Grant Van Horn and
               Oisin {Mac Aodha} and
               Yang Song and
               Alexander Shepard and
               Hartwig Adam and
               Pietro Perona and
               Serge J. Belongie},
  title     = {The {iNaturalist} Species Classification and Detection Dataset
},
  journal   = {arXiv preprint arXiv:1707.06642},
  year      = {2021},

}

@inproceedings{zhang2019shiftinvar,
  title={Making Convolutional Networks Shift-Invariant Again},
  author={Zhang, Richard},
  booktitle=icml,
  year={2019}
}
@article{Cho2019OnTE,
  title={On the Efficacy of Knowledge Distillation},
  author={J. H. Cho and B. Hariharan},
  journal=iccv,
  year={2019},
}
@article{Howard2019SearchingFM,
  title={Searching for {MobileNetV3}},
  author={A. Howard and Mark Sandler and G. Chu and Liang-Chieh Chen and B. Chen and M. Tan and W. Wang and Y. Zhu and R. Pang and V. Vasudevan and Quoc V. Le and H. Adam},
  journal=iccv,
  year={2019},
}
@article{Han2019DeepSF,
  title={Deep Self-Learning From Noisy Labels},
  author={Jiangfan Han and Ping Luo and X. Wang},
  journal=iccv,
  year={2019},
}

@inproceedings{muller2019does,
  title={When does label smoothing help?},
  author={M{\"u}ller, Rafael and Kornblith, Simon and Hinton, Geoffrey E},
  booktitle=nips,
  pages={4694--4703},
  year={2019}
}

%----------------------------------[ 2018 ]----------------------------------
@article{Tanaka2018JointOF,
  title={Joint Optimization Framework for Learning with Noisy Labels},
  author={D. Tanaka and Daiki Ikami and T. Yamasaki and K. Aizawa},
  journal=iccv,
  year={2018},
}
@inproceedings{Chen2018NeuralOD,
  title={Neural Ordinary Differential Equations},
  author={Tian Qi Chen and Yulia Rubanova and Jesse Bettencourt and David Duvenaud},
  booktitle=nips,
  year={2018}
}

@article{Zbontar2018fastMRIAO,
  title={fastMRI: An Open Dataset and Benchmarks for Accelerated MRI},
  author={Jure Zbontar and Florian Knoll and Anuroop Sriram and Matthew J. Muckley and Mary Bruno and Aaron Defazio and Marc Parente and Krzysztof J Geras and Joe Katsnelson and Hersh Chandarana and Zizhao Zhang and Michal Drozdzal and Adriana Romero and Michael G. Rabbat and Pascal Vincent and James Pinkerton and Duo Wang and Nafissa Yakubova and Erich Owens and C. Lawrence Zitnick and Michael P. Recht and Daniel K. Sodickson and Yvonne W. Lui},
  journal={ArXiv  preprint arXiv:1811.08839},
  year={2018},
}


@inproceedings{huang2018munit,
  title={Multimodal Unsupervised Image-to-image Translation},
  author={Huang, Xun and Liu, Ming-Yu and Belongie, Serge and Kautz, Jan},
  booktitle=eccv,
  year={2018}
}
@article{radenovic2018fine,
  title={Fine-tuning {CNN} image retrieval with no human annotation},
  author={Radenovi{\'c}, Filip and Tolias, Giorgos and Chum, Ondrej},
  journal=ieeetpami,
  year={2018},
  pages={1655 -- 1668},
  volume = 41, 
  number =7
}

@inproceedings{stock2018convnets,
  title={Convnets and imagenet beyond accuracy: Understanding mistakes and uncovering biases},
  author={Stock, Pierre and Cisse, Moustapha},
  booktitle=eccv,
  year={2018}
}
@article{Wang2018NonlocalNN,
  title={Non-local Neural Networks},
  author={X. Wang and Ross B. Girshick and A. Gupta and Kaiming He},
  journal=cvpr,
  year={2018},
}
@inproceedings{mahajan2018exploring,
  title={Exploring the limits of weakly supervised pretraining},
  author={Mahajan, Dhruv and Girshick, Ross and Ramanathan, Vignesh and He, Kaiming and Paluri, Manohar and Li, Yixuan and Bharambe, Ashwin and van der Maaten, Laurens},
  booktitle=eccv,
  year={2018}
}

@article{Kornblith2018DoBetter,
  author    = {Simon Kornblith and
               Jonathon Shlens and
               Quoc V. Le},
  title     = {Do Better ImageNet Models Transfer Better?},
  year      = {2018},
  journal   = {arXiv preprint arXiv:1805.08974}
}
@article{Cui2018LargeSF,
  title={Large Scale Fine-Grained Categorization and Domain-Specific Transfer Learning},
  author={Yin Cui and Yang Song and Chen Sun and Andrew Howard and Serge J. Belongie},
  journal=cvpr,
  year={2018},
}
@article{Yanping2018GPipe,
  author    = {Yanping Huang and
               Yonglong Cheng and
               Dehao Chen and
               HyoukJoong Lee and
               Jiquan Ngiam and
               Quoc V. Le and
               Zhifeng Chen},
  title     = {GPipe: Efficient Training of Giant Neural Networks using Pipeline
               Parallelism},
  year      = {2018},
  journal   = {arXiv preprint arXiv:1811.06965}
}

@article{conneau2017word,
  title={Word translation without parallel data},
  author={Conneau, Alexis and Lample, Guillaume and Ranzato, Marc'Aurelio and Denoyer, Ludovic and J{\'e}gou, Herv{\'e}},
  journal={arXiv preprint arXiv:1710.04087},
  year={2017}
}

@article{Ekin2018AutoAugment,
  author    = {Ekin Dogus Cubuk and
               Barret Zoph and
               Dandelion Man{\'{e}} and
               Vijay Vasudevan and
               Quoc V. Le},
  title     = {AutoAugment: Learning Augmentation Policies from Data},
  year      = {2018},
  journal   = {arXiv preprint arXiv:1805.09501},
}

@InProceedings{Liu2018PNAS,
author = {Liu, Chenxi and Zoph, Barret and Neumann, Maxim and Shlens, Jonathon and Hua, Wei and Li, Li-Jia and Fei-Fei, Li and Yuille, Alan and Huang, Jonathan and Murphy, Kevin},
title = {Progressive Neural Architecture Search},
booktitle = iccv,
year = {2018},
month = sep,
}
@InProceedings{caron2018deep,
  title={Deep Clustering for Unsupervised Learning of Visual Features},
  author={Caron, Mathilde and Bojanowski, Piotr and Joulin, Armand and Douze, Matthijs},
  booktitle=eccv,
  year={2018},
}
@article{Real2018AmobeaA,
  author    = {Esteban Real and
               Alok Aggarwal and
               Yanping Huang and
               Quoc V. Le},
  title     = {Regularized Evolution for Image Classifier Architecture Search},
  journal   = {arXiv preprint arXiv:1802.01548},
  year      = {2018},

}
@article{Polino2018ModelCV,
  title={Model compression via distillation and quantization},
  author={Antonio Polino and Razvan Pascanu and Dan Alistarh},
  journal=iclr,
  year={2018},
}
@inproceedings{liu2018non,
  title={Non-Local Recurrent Network for Image Restoration},
  author={Liu, Ding and Wen, Bihan and Fan, Yuchen and Loy, Chen Change and Huang, Thomas S},
  booktitle=nips,
  year={2018}
}
@article{Haris2018DeepBN,
  title={Deep Back-Projection Networks for Super-Resolution},
  author={Muhammad Haris and Gregory Shakhnarovich and Norimichi Ukita},
  journal=cvpr,
  year={2018},
}
@article{Zhang2018ResidualDN,
  title={Residual Dense Network for Image Super-Resolution},
  author={Yulun Zhang and Yapeng Tian and Yu Kong and Bineng Zhong and Yun Fu},
  journal=cvpr,
  year={2018},
}
@inproceedings{zhang2018rcan,
    title={Image Super-Resolution Using Very Deep Residual Channel Attention Networks},
    author={Zhang, Yulun and Li, Kunpeng and Li, Kai and Wang, Lichen and Zhong, Bineng and Fu, Yun},
    booktitle=eccv,
    year={2018}
}

@article{Zhang2018RecurrentCA,
  title={Recurrent Convolutions: A Model Compression Point of View},
  author={Zhendong Zhang and Cheolkon Jung},
  journal={NIPS Workshops: Compact Deep Neural Network Representation with Industrial Applications},
  year={2018}
}
@article{Guo2018CurriculumNetWS,
  title={CurriculumNet: Weakly Supervised Learning from Large-Scale Web Images},
  author={S. Guo and Weilin Huang and H. Zhang and Chenfan Zhuang and Dengke Dong and M. Scott and Dinglong Huang},
  journal={arXiv preprint arXiv:1808.01097},
  year={2018},
}

@article{Brock2018LargeSG,
  title={Large Scale GAN Training for High Fidelity Natural Image Synthesis},
  author={Andrew Brock and Jeff Donahue and Karen Simonyan},
  journal=iclr,
  year={2018},
}
@inproceedings{wang2018pix2pixHD,
  title={High-Resolution Image Synthesis and Semantic Manipulation with Conditional GANs},
  author={Ting-Chun Wang and Ming-Yu Liu and Jun-Yan Zhu and Andrew Tao and Jan Kautz and Bryan Catanzaro},  
  booktitle=cvpr,
  year={2018}
}
@inproceedings{wu2018improving,
  title={Improving Generalization via Scalable Neighborhood Component Analysis},
  author={Wu, Zhirong and Efros, Alexei A and Yu, Stella},
  booktitle=eccv,
  year={2018}
}

@inproceedings{Jiang2018MentorNetLD,
  title={MentorNet: Learning Data-Driven Curriculum for Very Deep Neural Networks on Corrupted Labels},
  author={Lu Jiang and Zhengyuan Zhou and T. Leung and L. Li and Li Fei-Fei},
  booktitle=icml,
  year={2018}
}
@article{Lee2018CleanNetTL,
  title={CleanNet: Transfer Learning for Scalable Image Classifier Training with Label Noise},
  author={Kuang-Huei Lee and Xiaodong He and L. Zhang and Linjun Yang},
  journal=iccv,
  year={2018},
}

@article{hanin2018start,
  title={How to start training: The effect of initialization and architecture},
  author={Hanin, Boris and Rolnick, David},
  journal=nips,
  volume={31},
  year={2018}
}

%----------------------------------[ 2017 ]----------------------------------
@article{Loshchilov2017AdamW,
  title={Fixing Weight Decay Regularization in Adam},
  author={I. Loshchilov and F. Hutter},
  journal={arXiv preprint arXiv:1711.05101},
  year={2017},
}
@inproceedings{Szegedy2017Inceptionv4IA,
  title={Inception-v4, Inception-ResNet and the Impact of Residual Connections on Learning},
  author={Christian Szegedy and S. Ioffe and V. Vanhoucke and Alexander Amir Alemi},
  booktitle={AAAI},
  year={2017}
}
@article{Guo2017CNNRNNAL,
  title={CNN-RNN: a large-scale hierarchical image classification framework},
  author={Yanming Guo and Yu Liu and Erwin M. Bakker and Yuanhao Guo and Michael S. Lew},
  journal={Multimedia Tools and Applications},
  year={2017},
}
@article{Figurnov2016SpatiallyAC,
  title={Spatially Adaptive Computation Time for Residual Networks},
  author={Michael Figurnov and Maxwell D. Collins and Yukun Zhu and Li Zhang and Jonathan Huang and Dmitry P. Vetrov and Ruslan Salakhutdinov},
  journal=cvpr,
  year={2017},
}
@article{Lim2017EnhancedDR,
  title={Enhanced Deep Residual Networks for Single Image Super-Resolution},
  author={Bee Lim and Sanghyun Son and Heewon Kim and Seungjun Nah and Kyoung Mu Lee},
  journal={2017 IEEE Conference on Computer Vision and Pattern Recognition Workshops (CVPRW)},
  year={2017},
}
@article{Tai2017MemNetAP,
  title={MemNet: A Persistent Memory Network for Image Restoration},
  author={Ying Tai and Jian Yang and Xiaoming Liu and Chunyan Xu},
  journal=iccv,
  year={2017},
}
@inproceedings{Liu2017UnsupervisedIT,
  title={Unsupervised Image-to-Image Translation Networks},
  author={Ming-Yu Liu and Thomas Breuel and Jan Kautz},
  booktitle=nips,
  year={2017},
}
@article{Wu2017BlockDropDI,
  title={BlockDrop: Dynamic Inference Paths in Residual Networks},
  author={Zuxuan Wu and Tushar Nagarajan and Abhishek Kumar and Steven Rennie and Larry S. Davis and Kristen Grauman and Rog{\'e}rio Schmidt Feris},
  journal=cvpr,
  year={2017},
}

@inproceedings{Veit2017ConvolutionalNW,
  title={Convolutional Networks with Adaptive Inference Graphs},
  author={Andreas Veit and Serge J. Belongie},
  booktitle=eccv,
  year={2017}
}
@article{Yi2017DualGAN,
  title={DualGAN: Unsupervised Dual Learning for Image-to-Image Translation},
  author={Zili Yi and Hao Zhang and Ping Tan and Minglun Gong},
  journal=iccv,
  year={2017},
  pages={2868-2876}
}
@inproceedings{Zhu2017CycleGAN,
  title={Unpaired Image-to-Image Translation using Cycle-Consistent Adversarial Networks},
  author={Zhu, Jun-Yan and Park, Taesung and Isola, Phillip and Efros, Alexei A},
  booktitle=iccv,
  year={2017}
}
@InProceedings{Agustsson_2017_CVPR_Workshops,
	author = {Agustsson, Eirikur and Timofte, Radu},
	title = {NTIRE 2017 Challenge on Single Image Super-Resolution: Dataset and Study},
	booktitle = {The IEEE Conference on Computer Vision and Pattern Recognition (CVPR) Workshops},
	year = {2017}
} 
@inproceedings{karras2017progressive,
    title={Progressive Growing of GANs for Improved Quality, Stability, and Variation},
    author={Tero Karras and Timo Aila and Samuli Laine and Jaakko Lehtinen},
    booktitle=iclr,
    year={2017},
}
@article{Cao2017VGGFace2AD,
  title={VGGFace2: A Dataset for Recognising Faces across Pose and Age},
  author={Qiong Cao and Li Shen and Weidi Xie and Omkar M. Parkhi and Andrew Zisserman},
  journal={13th IEEE International Conference on Automatic Face & Gesture Recognition (FG 2018)},
  year={2018},
}
@inproceedings{lample2017fader,
  title={Fader Networks: Manipulating Images by Sliding Attributes},
  author={Lample, Guillaume and Zeghidour, Neil and Usunier, Nicolas and Bordes, Antoine and Denoyer, Ludovic and others},
  booktitle=nips,
  year={2017}
}
@article{gordo2017end,
  title={End-to-end learning of deep visual representations for image retrieval},
  author={Gordo, Albert and Almazan, Jon and Revaud, Jerome and Larlus, Diane},
  journal=ijcv,
  volume={124},
  number={2},
  pages={237--254},
  year={2017},
  publisher={Springer}
}
@article{Jastrzebski2017ResidualCE,
  title={Residual Connections Encourage Iterative Inference},
  author={Stanislaw Jastrzebski and Devansh Arpit and Nicolas Ballas and Vikas Verma and Tong Che and Yoshua Bengio},
  journal=iclr,
  year={2017},
}
@inproceedings{lin2017feature,
  title={Feature pyramid networks for object detection},
  author={Lin, Tsung-Yi and Doll{\'a}r, Piotr and Girshick, Ross and He, Kaiming and Hariharan, Bharath and Belongie, Serge},
  booktitle={Proceedings of the IEEE Conference on Computer Vision and Pattern Recognition},
  pages={2117--2125},
  year={2017}
}
@article{Li2017WebVisionDV,
  title={WebVision Database: Visual Learning and Understanding from Web Data},
  author={W. Li and L. Wang and Wei Li and Eirikur Agustsson and L. Gool},
  journal={arXiv preprint arXiv:1708.02862},
  year={2017},
}
@article{kraska17learnedindex,
  title = {The Case for Learned Index Structures},
  author  = {Tim Kraska and Alex Beutel and Ed H. Chi and Jeff Dean and Neoklis Polyzotis},
  year  = {2017},
  journal={arXiv preprint arXiv:1712.01208}
}
@article{Xie2017AggregatedRT,
  title={Aggregated Residual Transformations for Deep Neural Networks},
  author={Saining Xie and Ross B. Girshick and Piotr Doll{\'a}r and Zhuowen Tu and Kaiming He},
  journal=cvpr,
  year={2017},
}
@InProceedings{jain17subic,
  author = {Jain, Himalaya and Zepeda, Joaquin and Perez, Patrick and Gribonval, Remi},
  title = {{SUBIC}: A Supervised, Structured Binary Code for Image Search},
  booktitle = ICCV,
  year = {2017}
}
@article{Bojanowski2017UnsupervisedLB,
  title={Unsupervised Learning by Predicting Noise},
  author={Piotr Bojanowski and Armand Joulin},
  journal={arXiv preprint arXiv:1704.05310},
  year={2017},
}
@article{pereyra2017regularizing,
  title={Regularizing neural networks by penalizing confident output distributions},
  author={Pereyra, Gabriel and Tucker, George and Chorowski, Jan and Kaiser, {\L}ukasz and Hinton, Geoffrey},
  journal={arXiv preprint arXiv:1701.06548},
  year={2017}
}

@article{klein2017defense,
  title={In Defense of Product Quantization},
  author={Klein, Benjamin and Wolf, Lior},
  journal={arXiv preprint arXiv:1711.08589},
  year={2017}
}

@inproceedings{bojanowski2017unsupervised,
  title={Unsupervised Learning by Predicting Noise},
  author={Bojanowski, Piotr and Joulin, Armand},
  booktitle=icml,
  year={2017}
}

@inproceedings{sablayrolles2017should,
  title={How should we evaluate supervised hashing?},
  author={Sablayrolles, Alexandre and Douze, Matthijs and Usunier, Nicolas and J{\'e}gou, Herv{\'e}},
  booktitle=icassp,
  year={2017}
}

@article{johnson2017billion,
  title={Billion-scale similarity search with GPUs},
  author={Johnson, Jeff and Douze, Matthijs and J{\'e}gou, Herv{\'e}},
  journal={arXiv preprint arXiv:1702.08734},
  year={2017}
}

@inproceedings{rippel2017real,
  title={Real-time adaptive image compression},
  author={Rippel, Oren and Bourdev, Lubomir},
  booktitle=icml,
  year={2017},
}
@article{Hu2017SENet,
  author    = {Jie Hu and Li Shen and Gang Sun},
  title     = {Squeeze-and-Excitation Networks},
  year      = {2017},
  journal   = {arXiv preprint arXiv:1709.01507},

}
@article{Zhang2017Mixup,
  author    = {Hongyi Zhang and
               Moustapha Ciss{\'{e}} and
               Yann N. Dauphin and
               David Lopez{-}Paz},
  title     = {mixup: Beyond Empirical Risk Minimization},
  journal   = {arXiv preprint arXiv:1710.09412},
  year      = {2017},

}
@article{Li2017MPN,
  author    = {Peihua Li and
               Jiangtao Xie and
               Qilong Wang and
               Wangmeng Zuo},
  title     = {Is Second-order Information Helpful for Large-scale Visual Recognition?},
  journal   = {arXiv preprint arXiv:1703.08050},
  year      = {2017},

}
@article{adamp,
  title={AdamP: Slowing Down the Weight Norm Increase in Momentum-based Optimizers},
  author={Byeongho Heo and Sanghyuk Chun and Seong Joon Oh and Dongyoon Han and Sangdoo Yun and Youngjung Uh and Jung-Woo Ha},
  journal={arXiv preprint arXiv:2006.08217},
  year={2020},
}
@article{Cohen2017EMNISTAE,
  title={EMNIST: an extension of MNIST to handwritten letters},
  author={Gregory Cohen and Saeed Afshar and Jonathan Tapson and Andr{\'e} van Schaik},
  journal={arXiv preprint arXiv:1702.05373},
  year={2017},
}
@article{Horn2017INaturalist,
  author    = {Grant Van Horn and
               Oisin {Mac Aodha} and
               Yang Song and
               Alexander Shepard and
               Hartwig Adam and
               Pietro Perona and
               Serge J. Belongie},
  title     = {The iNaturalist Challenge 2017 Dataset},
  journal   = {arXiv preprint arXiv:1707.06642},
  year      = {2017},

}
@article{Goyal2017AccurateLM,
  title={Accurate, Large Minibatch SGD: Training ImageNet in 1 Hour},
  author={Priya Goyal and Piotr Doll{\'a}r and Ross B. Girshick and Pieter Noordhuis and Lukasz Wesolowski and Aapo Kyrola and Andrew Tulloch and Yangqing Jia and Kaiming He},
  journal={arXiv preprint arXiv:1706.02677},
  year={2017},
}

@article{Dubey2017PCDenseNet,
  author    = {Abhimanyu Dubey and
               Otkrist Gupta and
               Pei Guo and
               Ramesh Raskar and
               Ryan Farrell and
               Nikhil Naik},
  title     = {Training with Confusion for Fine-Grained Visual Classification},
  journal   = {arXiv preprint arXiv:1705.08016},
 
  year      = {2017},

}
@inproceedings{vaswani2017attention,
  title={Attention is All you Need},
  author={Ashish Vaswani and Noam Shazeer and Niki Parmar and Jakob Uszkoreit and Llion Jones and Aidan N. Gomez and Lukasz Kaiser and Illia Polosukhin},
  booktitle=nips,
  year={2017}
}

@inproceedings{Huang2017DenselyCC,
  title={Densely Connected Convolutional Networks},
  author={Gao Huang and Zhuang Liu and Kilian Q. Weinberger},
  journal=cvpr,
  year={2017},
}


@inproceedings{chen2017fast,
  title={Fast image processing with fully-convolutional networks},
  author={Chen, Qifeng and Xu, Jia and Koltun, Vladlen},
  booktitle={Proceedings of the IEEE International Conference on Computer Vision},
  pages={2497--2506},
  year={2017}
}
@article{LI2017LowRank,
  author={P. {Li} and J. {Yu} and M. {Wang} and L. {Zhang} and D. {Cai} and X. {Li}},
  journal={IEEE Transactions on Cybernetics}, 
  title={Constrained Low-Rank Learning Using Least Squares-Based Regularization}, 
  year={2017},
 }

@article{zhou2017places,
  title={Places: A 10 million Image Database for Scene Recognition},
  author={Zhou, Bolei and Lapedriza, Agata and Khosla, Aditya and Oliva, Aude and Torralba, Antonio},
  journal={IEEE Transactions on Pattern Analysis and Machine Intelligence},
  year={2017},
}
@article{MovshovitzAttias2017NoFD,
  title={No Fuss Distance Metric Learning Using Proxies},
  author={Yair Movshovitz-Attias and A. Toshev and T. Leung and S. Ioffe and S. Singh},
  journal=iccv,
  year={2017},
}

@article{ghering2017convseq2seq,
  author    = {Jonas Gehring and Michael Auli and David Grangier and Denis Yarats and Yann N. Dauphin},
  title     = {Convolutional sequence to sequence learning},
  journal   = {arXiv preprint arXiv:1705.03122},
 
  year      = {2017},

}

%----------------------------------[ 2016 ]----------------------------------
@article{Radford2015UnsupervisedRL,
  title={Unsupervised Representation Learning with Deep Convolutional Generative Adversarial Networks},
  author={Alec Radford and Luke Metz and Soumith Chintala},
  journal=iclr,
  year={2015},
}

@article{ba2016layer,
  title={Layer normalization},
  author={Ba, Jimmy Lei and Kiros, Jamie Ryan and Hinton, Geoffrey E},
  journal={arXiv preprint arXiv:1607.06450},
  year={2016}
}

@article{Hendrycks2016GaussianEL,
  title={Gaussian Error Linear Units ({GELUs})},
  author={Dan Hendrycks and Kevin Gimpel},
  journal={arXiv preprint arXiv:1606.08415},
  year={2016}
}

@book{goodfellow2016deep,
  title={Deep learning},
  author={Goodfellow, Ian and Bengio, Yoshua and Courville, Aaron},
  year={2016},
  publisher={MIT press}
}

@article{Thomee2016YFCC100MTN,
  title={YFCC100M: the new data in multimedia research},
  author={Bart Thomee and David A. Shamma and Gerald Friedland and Benjamin Elizalde and Karl Ni and Douglas Poland and Damian Borth and Lijia Li},
  journal={Commun. ACM},
  year={2016},
}
@inproceedings{Bousmalis2016DomainSN,
  title={Domain Separation Networks},
  author={Konstantinos Bousmalis and George Trigeorgis and Nathan Silberman and Dilip Krishnan and Dumitru Erhan},
  booktitle=nips,
  year={2016}
}
@inproceedings{Huang2016DeepNW,
  title={Deep Networks with Stochastic Depth},
  author={Gao Huang and Yu Sun and Zhuang Liu and Daniel Sedra and Kilian Q. Weinberger},
  booktitle=eccv,
  year={2016}
}
@article{Taigman2016UnsupervisedCI,
  title={Unsupervised Cross-Domain Image Generation},
  author={Yaniv Taigman and Adam Polyak and Lior Wolf},
   booktitle=iclr,
  year={2016},
}

@inproceedings{Liu2016CoupledGA,
  title={Coupled Generative Adversarial Networks},
  author={Ming-Yu Liu and Oncel Tuzel},
  booktitle=nips,
  year={2016}
}

@article{wang2016learning,
  title={Learning to hash for indexing big data: a survey},
  author={Wang, Jun and Liu, Wei and Kumar, Sanjiv and Chang, Shih-Fu},
  journal={Proceedings of the IEEE},
  volume={104},
  number={1},
  year={2016}
}

@inproceedings{douze2016polysemous,
  title={Polysemous codes},
  author={Douze, Matthijs and J{\'e}gou, Herv{\'e} and Perronnin, Florent},
  booktitle=eccv,
  year={2016},
  organization={Springer}
}

@inproceedings{babenko2016efficient,
  title={Efficient indexing of billion-scale datasets of deep descriptors},
  author={Babenko, Artem and Lempitsky, Victor},
  booktitle=cvpr,
  year={2016}
}

@inproceedings{jain2016quantizedsparse,
  title={Approximate search with quantized sparse representations},
  month = oct, 
  year = {2016},
  author={Himalaya Jain and Patrick P{\'e}rez and R{\'e}mi Gribonval and Joaquin Zepeda and Herv{\'e} J{\'e}gou},
  booktitle=eccv
}
@article{Rippel2016MetricLW,
  title={Metric Learning with Adaptive Density Discrimination},
  author={Oren Rippel and Manohar Paluri and Piotr Doll{\'a}r and Lubomir D. Bourdev},
  journal=iclr,
  year={2016},
}

@article{malkov2016efficient,
  title={Efficient and robust approximate nearest neighbor search using Hierarchical Navigable Small World graphs},
  author={Malkov, Yu A and Yashunin, DA},
  journal={arXiv preprint arXiv:1603.09320},
  year={2016}
}

@InProceedings{He2016ResNet,
author = {He, Kaiming and Zhang, Xiangyu and Ren, Shaoqing and Sun, Jian},
title = {Deep Residual Learning for Image Recognition},
booktitle = cvpr,
year = {2016}
}
@inproceedings{gatys2016image,
  title={Image style transfer using convolutional neural networks},
  author={Gatys, Leon A and Ecker, Alexander S and Bethge, Matthias},
  booktitle=cvpr,
  pages={2414--2423},
  year={2016}
}
@article{He2016IdentityMappings,
  author    = {Kaiming He and
               Xiangyu Zhang and
               Shaoqing Ren and
               Jian Sun},
  title     = {Identity Mappings in Deep Residual Networks},
  journal   = {arXiv preprint arXiv:1603.05027},
  year      = {2016},
}
@article{Szegedy2016InceptionResNetV2,
  author    = {Christian Szegedy and
               Sergey Ioffe and
               Vincent Vanhoucke},
  title     = {Inception-v4, Inception-ResNet and the Impact of Residual Connections
               on Learning},
  journal   = {arXiv preprint arXiv:1602.07261},
  year      = {2016},

}
@article{Pathak2016ContextEF,
  title={Context Encoders: Feature Learning by Inpainting},
  author={Deepak Pathak and Philipp Kr{\"a}henb{\"u}hl and Jeff Donahue and Trevor Darrell and Alexei A. Efros},
  journal=cvpr,
  year={2016},
}
@article{Huh2016WhatMI,
  title={What makes ImageNet good for transfer learning?},
  author={Mi-Young Huh and Pulkit Agrawal and Alexei A. Efros},
  journal   = {arXiv preprint arXiv:1608.08614},
  year={2016},
}
@article{Hsu2016DeepIC,
  title={Deep Image Category Discovery using a Transferred Similarity Function},
  author={Yen-Chang Hsu and Zhaoyang Lv and Zsolt Kira},
  journal={arXiv preprint arXiv:1612.01253},
  year={2016},
}

@article{doersch2016tutorial,
  title={Tutorial on variational autoencoders},
  author={Doersch, Carl},
  journal={arXiv preprint arXiv:1606.05908},
  year={2016}
}


%----------------------------------[ 2015 ]----------------------------------
@InProceedings{Ioffe2015BatchNA,
  title={Batch Normalization: Accelerating Deep Network Training by Reducing Internal Covariate Shift},
  author={S. Ioffe and C. Szegedy},
  Booktitle                = icml,
  year={2015},
}
@article{Hinton2015DistillingTK,
  title={Distilling the Knowledge in a Neural Network},
  author={Geoffrey E. Hinton and Oriol Vinyals and J. Dean},
  journal={arXiv preprint arXiv:1503.02531},
  year={2015},
}
@inproceedings{Xie2015HyperclassAA,
  title={Hyper-class augmented and regularized deep learning for fine-grained image classification},
  author={Saining Xie and Tianbao Yang and X. Wang and Y. Lin},
  booktitle=cvpr,
  year={2015},
}


@inproceedings{Huang2015Urban100,
    title={Single Image Super-Resolution From Transformed Self-Exemplars},
    Author = {Huang, Jia-Bin and Singh, Abhishek and Ahuja, Narendra},
    booktitle = cvpr,
    Year = {2015}
}
@article{Han2015DeepCC,
  title={Deep Compression: Compressing Deep Neural Network with Pruning, Trained Quantization and Huffman Coding},
  author={Song Han and Huizi Mao and William J. Dally},
  journal={CoRR},
  year={2015},
}
@inproceedings{liong2015deep,
  title={Deep hashing for compact binary codes learning.},
  author={Liong, Venice Erin and Lu, Jiwen and Wang, Gang and Moulin, Pierre and Zhou, Jie and others},
  booktitle=cvpr,
  volume={1},
  number={2},
  year={2015}
}

@article{Foret2021SharpnessAwareMF,
  title={Sharpness-Aware Minimization for Efficiently Improving Generalization},
  author={Pierre Foret and Ariel Kleiner and H. Mobahi and Behnam Neyshabur},
  journal={arXiv preprint arXiv:2010.01412},
  year={2021},
}


@article{tolias2015particular,
  title={Particular object retrieval with integral max-pooling of CNN activations},
  author={Tolias, Giorgos and Sicre, Ronan and J{\'e}gou, Herv{\'e}},
  journal={arXiv preprint arXiv:1511.05879},
  year={2015}
}

@inproceedings{ioffe15batchnorm,
 author = {Ioffe, Sergey and Szegedy, Christian},
 title = {Batch Normalization: Accelerating Deep Network Training by Reducing Internal Covariate Shift},
 booktitle = icml,
 year = {2015},
} 

@inproceedings{ZQTW15,
	title = {Sparse Composite Quantization},
	author = {Zhang, Ting and Qi, Guo-Jun and Tang, Jinhui and Wang, Jingdong},
	booktitle = cvpr,
	year = {2015},
	month = jun
}
@InProceedings{Szegedy2015Goingdeeperwithconvolutions,
    author= {C. {Szegedy} and {Wei Liu} and {Yangqing Jia} and P. {Sermanet} and S. {Reed} and D. {Anguelov} and D. {Erhan} and V. {Vanhoucke} and A. {Rabinovich}},
    title= {Going deeper with convolutions},
    booktitle= cvpr,
    year= {2015},
}
@InProceedings{Simonyan2015VGG,
  author       = {Simonyan, K. and Zisserman, A.},
  title        = {Very Deep Convolutional Networks for Large-Scale Image Recognition},
  booktitle    = iclr,
  year         = {2015},
}

@inproceedings{ren2015faster,
  title={Faster r-cnn: Towards real-time object detection with region proposal networks},
  author={Ren, Shaoqing and He, Kaiming and Girshick, Ross and Sun, Jian},
  booktitle=nips,
  year={2015}
}
@article{Russakovsky2015ImageNet12,
    author = {Olga Russakovsky and Jia Deng and Hao Su and Jonathan Krause and Sanjeev Satheesh and Sean Ma and Zhiheng Huang and Andrej Karpathy and Aditya Khosla and Michael Bernstein and Alexander C. Berg and Li Fei-Fei},
    title = {{ImageNet} Large Scale Visual Recognition Challenge},
    journal   = ijcv,
    year = {2015},
Number                   = {3},
  Pages                    = {211--252},
  Volume                   = {115}
}
@article{Zhou2016LearningDF,
  title={Learning Deep Features for Discriminative Localization},
  author={Bolei Zhou and Aditya Khosla and {\`A}gata Lapedriza and Aude Oliva and Antonio Torralba},
  journal=cvpr,
  year={2016},
}

@inproceedings{Horn2015NaBirds, 
    author={G. {Van Horn} and S. {Branson} and R. {Farrell} and S. {Haber} and J. {Barry} and P. {Ipeirotis} and P. {Perona} and S. {Belongie}}, 
    booktitle=cvpr, 
    title={Building a bird recognition app and large scale dataset with citizen scientists: The fine print in fine-grained dataset collection}, 
    year={2015}, 
}
@article{Cho2015UnsupervisedOD,
  title={Unsupervised object discovery and localization in the wild: Part-based matching with bottom-up region proposals},
  author={Minsu Cho and Suha Kwak and Cordelia Schmid and Jean Ponce},
  journal=cvpr,
  year={2015},
}
@inproceedings{liu2015faceattributes,
 title = {Deep Learning Face Attributes in the Wild},
 author = {Liu, Ziwei and Luo, Ping and Wang, Xiaogang and Tang, Xiaoou},
 booktitle = iccv,
 year = {2015} 
}
@article{Ristin2015FromCT,
  title={From categories to subcategories: Large-scale image classification with partial class label refinement},
  author={Marko Ristin and Juergen Gall and Matthieu Guillaumin and Luc Van Gool},
  journal=cvpr,
  year={2015},
}
%----------------------------------[ 2014 ]----------------------------------
@article{Babenko2014NeuralCF,
  title={Neural Codes for Image Retrieval},
  author={Artem Babenko and Anton Slesarev and Alexander Chigorin and Victor S. Lempitsky},
  journal={arXiv preprint arXiv:1404.1777},
  year={2014},
}
@inproceedings{bossard14Food101,
  title = {Food-101 -- Mining Discriminative Components with Random Forests},
  author = {Bossard, Lukas and Guillaumin, Matthieu and Van Gool, Luc},
  booktitle = eccv,
  year = {2014}
}
@inproceedings{dosovitskiy2014discriminative,
  title={Discriminative Unsupervised Feature Learning with Convolutional Neural Networks},
  author={Alexey Dosovitskiy and Jost Tobias Springenberg and Martin A. Riedmiller and Thomas Brox},
  booktitle=nips,
  year={2014}
}
@article{montufar2014universal,
  title={Universal approximation depth and errors of narrow belief networks with discrete units},
  author={Mont{\'u}far, Guido F},
  journal={Neural computation},
  volume={26},
  number={7},
  pages={1386--1407},
  year={2014},
  publisher={MIT Press}
}

@inproceedings{Goodfellow2014GenerativeAN,
  title={Generative Adversarial Nets},
  author={Ian J. Goodfellow and Jean Pouget-Abadie and Mehdi Mirza and Bing Xu and David Warde-Farley and Sherjil Ozair and Aaron C. Courville and Yoshua Bengio},
  booktitle=nips,
  year={2014}
}
@inproceedings{oquab2014learning,
  title={Learning and transferring mid-level image representations using convolutional neural networks},
  author={Oquab, Maxime and Bottou, Leon and Laptev, Ivan and Sivic, Josef},
  booktitle=cvpr,
  year={2014}
}

@inproceedings{balu2014beyond,
  title={Beyond ``project and sign'' for cosine estimation with binary codes},
  author={Balu, Raghavendran and Furon, Teddy and J{\'e}gou, Herv{\'e}},
  booktitle=icassp,
  year={2014}
}

@incollection{goodfellow14gan,
title = {Generative Adversarial Nets},
author = {Goodfellow, Ian and Pouget-Abadie, Jean and Mirza, Mehdi and Xu, Bing and Warde-Farley, David and Ozair, Sherjil and Courville, Aaron and Bengio, Yoshua},
booktitle = NIPS,
year = {2014},
}

@inproceedings{wang2014learning,
  title={Learning Fine-Grained Image Similarity with Deep Ranking},
  author={Wang, Jiang and Song, Yang and Leung, Thomas and Rosenberg, Chuck and Wang, Jingbin and Philbin, James and Chen, Bo and Wu, Ying},
  booktitle=cvpr,
  year={2014}
}

@article{wang2014hashing,
  title={Hashing for similarity search: A survey},
  author={Wang, Jingdong and Shen, Heng Tao and Song, Jingkuan and Ji, Jianqiu},
  journal={arXiv preprint arXiv:1408.2927},
  year={2014}
}

@inproceedings{babenko2014additive,
  title={Additive quantization for extreme vector compression},
  author={Babenko, Artem and Lempitsky, Victor},
  booktitle=cvpr,
  year={2014}
}

@article{ML14,
  title        = {Scalable Nearest Neighbor Algorithms for High Dimensional Data},
  author       = {Marius Muja and David G. Lowe},
  journal      = ieeetpami,
  volume       = {36},
  year         = {2014}
}
@inproceedings{Berg2014Birdsnap, 
author={T. {Berg} and J. {Liu} and S. W. {Lee} and M. L. {Alexander} and D. W. {Jacobs} and P. N. {Belhumeur}}, 
booktitle=cvpr, 
title={Birdsnap: Large-Scale Fine-Grained Visual Categorization of Birds}, 
year={2014}, 
}
@inproceedings{Li2014RobustSD,
  title={Robust Subspace Discovery through Supervised Low-Rank Constraints},
  author={Sheng Li and Yun Fu},
  booktitle={SDM},
  year={2014}
}
%----------------------------------[ 2013 ]----------------------------------
@article{Deng2013FineGrainedCF,
  title={Fine-Grained Crowdsourcing for Fine-Grained Recognition},
  author={Jia Deng and Jonathan Krause and Li Fei-Fei},
  journal=cvpr,
  year={2013},
}
@article{kingma13vae,
  author    = {Diederik P. Kingma and
               Max Welling},
  title     = {Auto-Encoding Variational Bayes},
  journal={arXiv preprint arXiv:1312.6114},
  year      = {2013},
}
@article{Mittal2013NIQE,
  title={Making a “Completely Blind” Image Quality Analyzer},
  author={Anish Mittal and Rajiv Soundararajan and Alan C. Bovik},
  journal={IEEE Signal Processing Letters},
  year={2013},
}


@book{conway2013sphere,
  title={Sphere packings, lattices and groups},
  author={Conway, John Horton and Sloane, Neil James Alexander},
  volume={290},
  year={2013},
  publisher={Springer Science \& Business Media}
}

@article{gong2013iterative,
  title={Iterative quantization: A procrustean approach to learning binary codes for large-scale image retrieval},
  author={Gong, Yunchao and Lazebnik, Svetlana and Gordo, Albert and Perronnin, Florent},
  journal=ieeetpami,
  volume={35},
  number={12},
  year={2013}
}


@inproceedings{GHKS13,
  author       = {Tiezheng Ge and Kaiming He and Qifa Ke and Jian Sun},
  title        = {Optimized product quantization for approximate nearest neighbor search},
  booktitle    = cvpr,
  year         = {2013},
}
@inproceedings{Cars2013,
  title = {3D Object Representations for Fine-Grained Categorization},
  booktitle = {IEEE Workshop on  3D Representation and Recognition},
  year = {2013},
  author = {Jonathan Krause and Michael Stark and Jia Deng and Li Fei-Fei}
}
%----------------------------------[ 2012 ]----------------------------------

@inproceedings{Jegou2012NegativeEA,
  title={Negative Evidences and Co-occurences in Image Retrieval: The Benefit of PCA and Whitening},
  author={H. J{\'e}gou and O. Chum},
  booktitle=eccv,
  year={2012}
}

@InProceedings{Krizhevsky2012AlexNet,
  author    = {A. Krizhevsky and I. Sutskever and G. Hinton},
  title     = {{ImageNet} Classification with Deep Convolutional Neural Networks},
  booktitle = nips,
  year      = {2012}
}

@inproceedings{xie2012image,
  title={Image denoising and inpainting with deep neural networks},
  author={Xie, Junyuan and Xu, Linli and Chen, Enhong},
  booktitle=nips,
  pages={341--349},
  year={2012}
}
@InProceedings{parkhi12a,
  author       = "Parkhi, O. M. and Vedaldi, A. and Zisserman, A. and Jawahar, C.~V.",
  title        = "Cats and Dogs",
  booktitle    = "IEEE Conference on Computer Vision and Pattern Recognition",
  year         = "2012",
}
@article{Deng2012HedgingYB,
  title={Hedging your bets: Optimizing accuracy-specificity trade-offs in large scale visual recognition},
  author={Jia Deng and J. Krause and A. Berg and Li Fei-Fei},
  journal=cvpr,
  year={2012},
}
%----------------------------------[ 2011 ]----------------------------------
@article{Galleguillos2011FromRS,
  title={From region similarity to category discovery},
  author={Carolina Galleguillos and Brian McFee and Serge J. Belongie and Gert R. G. Lanckriet},
  journal=cvpr,
  year={2011},
}
@article{jegou11pq,
  TITLE = {{Product Quantization for Nearest Neighbor Search}},
  AUTHOR = {J{\'e}gou, Herv{\'e} and Douze, Matthijs and Schmid, Cordelia},
  JOURNAL = ieeetpami,
  YEAR = {2011},
}

@inproceedings{jegou2011searching,
  title={Searching in one billion vectors: re-rank with source coding},
  author={J{\'e}gou, Herv{\'e} and Tavenard, Romain and Douze, Matthijs and Amsaleg, Laurent},
  booktitle=icassp,
  year={2011}
}
@techreport{WahCUB_200_2011,
	Title = {{The Caltech-UCSD Birds-200-2011 Dataset}},
	Author = {Wah, C. and Branson, S. and Welinder, P. and Perona, P. and Belongie, S.},
	Year = {2011},
	institution= {California Institute of Technology},
}
@inproceedings{Khosla2011StanfordDogs,
author = {Aditya Khosla and Nityananda Jayadevaprakash and Bangpeng Yao and Li Fei-Fei},
title = {Novel Dataset for Fine-Grained Image Categorization},
booktitle = {First Workshop on Fine-Grained Visual Categorization, IEEE Conference on Computer Vision and Pattern Recognition},
year = {2011},
}

%----------------------------------[ 2010 ]----------------------------------
@article{pauleve2010locality,
  title={Locality sensitive hashing: A comparison of hash function types and querying mechanisms},
  author={Paulev{\'e}, Lo{\"\i}c and J{\'e}gou, Herv{\'e} and Amsaleg, Laurent},
  journal=prl,
  volume={31},
  number={11},
  year={2010}
}

@article{chechik2010large,
  title={Large scale online learning of image similarity through ranking},
  author={Chechik, Gal and Sharma, Varun and Shalit, Uri and Bengio, Samy},
  journal=jmlr,
  volume={11},
  number={Mar},
  year={2010}
}
@inproceedings{Boureau2010Pooling,
 title = {A Theoretical Analysis of Feature Pooling in Visual Recognition},
 author = {Boureau, Y-Lan and Ponce, Jean and LeCun, Yann},
 booktitle = icml,
 year = {2010},
} 
@article{Vinh2010AMI, 
    author = {Vinh, Nguyen Xuan and Epps, Julien and Bailey, James}, 
    title = {Information Theoretic Measures for Clusterings Comparison: Variants, Properties, Normalization and Correction for Chance},
    year = {2010},
    journal=jmlr,
    }
 

@inproceedings{Min2010DeepST,
  title={Deep Supervised t-Distributed Embedding},
  author={Martin Renqiang Min and L. V. D. Maaten and Zineng Yuan and A. Bonner and Z. Zhang},
  booktitle=icml,
  year={2010}
}
%----------------------------------[ 2009 ]----------------------------------
@inproceedings{deng2009imagenet,
  title={Imagenet: A large-scale hierarchical image database},
  author={Deng, Jia and Dong, Wei and Socher, Richard and Li, Li-Jia and Li, Kai and Fei-Fei, Li},
  booktitle=cvpr,
  pages={248--255},
  year={2009}
}
@article{van2009dimensionality,
  title={Dimensionality reduction: a comparative review},
  author={Van Der Maaten, Laurens and Postma, Eric and Van den Herik, Jaap},
  journal=jmlr,
  volume={10},
  year={2009}
}

@inproceedings{usunier2009ranking,
  title={Ranking with ordered weighted pairwise classification},
  author={Usunier, Nicolas and Buffoni, David and Gallinari, Patrick},
  booktitle=icml,
  year={2009}
}


%----------------------------------[ 2008 ]----------------------------------
@article{vandermaaten08tsne,
  author = {van der Maaten, Laurens and Hinton, Geoffrey},
  journal = jmlr,
  title = {Visualizing Data using {t-SNE} },
  year = 2008
}

@inproceedings{jegou2008hamming,
  title={Hamming embedding and weak geometric consistency for large scale image search},
  author={Jegou, Herve and Douze, Matthijs and Schmid, Cordelia},
  booktitle=eccv,
  year={2008},
  organization={Springer}
}

%----------------------------------[ 2008 ]----------------------------------
@inbook{shakhnarovich2006nearest,
  title={Nearest-neighbor methods in learning and vision: theory and practice (neural information processing)},
  author={Shakhnarovich, Gregory and Darrell, Trevor and Indyk, Piotr},
  year={2006},
  chapter={3},
  publisher={The MIT press}
}

@inproceedings{jegou2008query,
  title={Query adaptative locality sensitive hashing},
  author={J{\'e}gou, Herv{\'e} and Amsaleg, Laurent and Schmid, Cordelia and Gros, Patrick},
  booktitle=icassp,
  year={2008}
}
@inproceedings{Jegou2008HammingEA,
  title={Hamming Embedding and Weak Geometry Consistency for Large Scale Image Search},
  author={Herv{\'e} J{\'e}gou and Matthijs Douze and Cordelia Schmid},
  booktitle=eccv,
  year={2008},
}
@inproceedings{torralba2008small,
  title={Small codes and large image databases for recognition},
  author={Torralba, Antonio and Fergus, Rob and Weiss, Yair},
  booktitle=cvpr,
  year={2008}
}
@InProceedings{Nilsback08, 
   author = "Nilsback, M-E. and Zisserman, A.", 
   title = "Automated Flower Classification over a Large Number of Classes", 
   booktitle = "Proceedings of the Indian Conference on Computer Vision, Graphics and Image Processing", 
   year = "2008", 
} 
@inproceedings{Philbin2007Objectretrieval,
  author={J. {Philbin} and O. {Chum} and M. {Isard} and J. {Sivic} and A. {Zisserman}},
  booktitle=cvpr, 
  title={Object retrieval with large vocabularies and fast spatial matching}, 
  year={2007},
}
  @inproceedings{Salakhutdinov2007LearningAN,
  title={Learning a Nonlinear Embedding by Preserving Class Neighbourhood Structure},
  author={R. Salakhutdinov and Geoffrey E. Hinton},
  booktitle={AISTATS},
  year={2007}
}
%----------------------------------[ 2006 ]----------------------------------
@inproceedings{andoni2006near,
  title={Near-optimal hashing algorithms for approximate nearest neighbor in high dimensions},
  author={Andoni, Alexandr and Indyk, Piotr},
  booktitle=focs,
  year={2006}
}
@article{Hadsell2006DimensionalityReduction,
  title={Dimensionality Reduction by Learning an Invariant Mapping},
  author={Raia Hadsell, Sumit Chopra, Yann LeCun},
  journal=cvpr,
  year={2006}
}


%----------------------------------[ 2005 ]----------------------------------

@inproceedings{LeCun2005TheMD,
  title={The mnist database of handwritten digits},
  author={Yann LeCun and Corinna Cortes},
  year={2005}
}
%----------------------------------[ 2004 ]----------------------------------
@article{burger2004convergence,
  title={Convergence rates of convex variational regularization},
  author={Burger, Martin and Osher, Stanley},
  journal={Inverse problems},
  volume={20},
  number={5},
  year={2004}
}
@inproceedings{Goldberger2004NeighbourhoodCA,
  title={Neighbourhood Components Analysis},
  author={J. Goldberger and S. Roweis and Geoffrey E. Hinton and R. Salakhutdinov},
  booktitle=NIPS,
  year={2004}
}

@inproceedings{LCL04,
  author       = {Qin Lv and Moses Charikar and Kai Li},
  title        = {Image Similarity Search with Compact Data Structures},
  booktitle    = cikm,
  year         = 2004,
  month        = nov,
  pages        = {208--217}
}

@article{Lowe04sift,
  author       = "David G. Lowe",
  title        = "Distinctive image features from scale-invariant keypoints",
  journal      = ijcv,
  number       = "2",
  volume       = "60",
  year         = "2004"
}

@inproceedings{DIIM04,
 author        = {Mayur Datar and Nicole Immorlica and Piotr Indyk and Vahab .S. Mirrokni},
 title         = {Locality-sensitive hashing scheme based on p-stable distributions},
 booktitle     = stoc,
 year          = {2004}
} 
 
 %----------------------------------[ 2003 ]----------------------------------
@inproceedings{hinton03sne,
  author = {Hinton, Geoffrey and Roweis, Sam},
  booktitle=nips,
  title = {Stochastic Neighbor Embedding},
  year = 2003
}


%----------------------------------[ 2002 ]----------------------------------

@inproceedings{charikar02lsh,
  author    = {Moses Charikar},
  title     = {Similarity estimation techniques from rounding algorithms},
  booktitle = stoc,
  year      = {2002},
}

%----------------------------------[ 2000 ]----------------------------------
@article{roweis2000nonlinear,
  title={Nonlinear dimensionality reduction by locally linear embedding},
  author={Roweis, Sam T and Saul, Lawrence K},
  journal={science},
  volume={290},
  number={5500},
  year={2000},
  publisher={American Association for the Advancement of Science}
}

%----------------------------------[ 1999 ]----------------------------------
@inproceedings{GIM99,
  author       = {Arisitides Gionis and Piotr Indyk and Rajeev Motwani},
  title        = {Similarity search in high dimension via hashing},
  booktitle    = vldb,
  year         = {1999},
  pages        = {518--529}
  }
  
%----------------------------------[ 1998 ]----------------------------------
@inproceedings{indyk1998approximate,
  title={Approximate nearest neighbors: towards removing the curse of dimensionality},
  author={Indyk, Piotr and Motwani, Rajeev},
  booktitle={ACM symposium on Theory of computing},
  year={1998}
}

@inproceedings{ran1998efficient,
  title={Efficient decoding of the Gosset, Coxeter-Todd and the Barnes-Wall lattices},
  author={Ran, Moshe and Snyders, Jakov},
  booktitle=isit,
  pages={92},
  year={1998}
}

@book{fellbaum98wordnet,
    title = {WordNet: An Electronic Lexical Database},
    author = {Christiane Fellbaum},
    year = {1998},
    publisher = {Bradford Books},
  }

%----------------------------------[ 1997 ]----------------------------------

@article{beirlant97entropy,
author = {Beirlant, Jan and J. Dudewicz, E and Gyor, L and Meulen, E.C.},
year = {1997},
title = {Nonparametric Entropy Estimation: An Overview},
volume = {6},
journal = {International Journal of Mathematical and Statistical Sciences}
}


%----------------------------------[ 1989 ]----------------------------------
@article{lecun1989backpropagation,
  title={Backpropagation applied to handwritten zip code recognition},
  author={LeCun, Yann and Boser, Bernhard and Denker, John S and Henderson, Donnie and Howard, Richard E and Hubbard, Wayne and Jackel, Lawrence D},
  journal={Neural computation},
  volume={1},
  number={4},
  pages={541--551},
  year={1989},
  publisher={MIT Press}
}

@article{hornik1989multilayer,
  title={Multilayer feedforward networks are universal approximators.},
  author={Hornik, Kurt and Stinchcombe, Maxwell and White, Halbert and others},
  journal={Neural networks},
  volume={2},
  number={5},
  pages={359--366},
  year={1989}
}

%----- Before the AI winter

@ARTICLE{rosenblatt58perceptron,
    author = {F. Rosenblatt},
    title = {The Perceptron: A Probabilistic Model for Information Storage and Organization in The Brain},
    journal = {Psychological Review},
    year = {1958},
}


@book{barnsley1988science,
  title={The science of fractal images},
  author={Barnsley, Michael F and Devaney, Robert L and Mandelbrot, Benoit B and Peitgen, Heinz-Otto and Saupe, Dietmar and Voss, Richard F and Fisher, Yuval and McGuire, Michael},
  year={1988},
  publisher={Springer}
}

%%% Transformers/ atttention


@article{liu2019roberta,
  title={Roberta: A robustly optimized bert pretraining approach},
  author={Liu, Yinhan and Ott, Myle and Goyal, Naman and Du, Jingfei and Joshi, Mandar and Chen, Danqi and Levy, Omer and Lewis, Mike and Zettlemoyer, Luke and Stoyanov, Veselin},
  journal={arXiv preprint arXiv:1907.11692},
  year={2019}
}

@article{brown2020language,
  title={Language models are few-shot learners},
  author={Brown, Tom B and Mann, Benjamin and Ryder, Nick and Subbiah, Melanie and Kaplan, Jared and Dhariwal, Prafulla and Neelakantan, Arvind and Shyam, Pranav and Sastry, Girish and Askell, Amanda and others},
  journal={arXiv preprint arXiv:2005.14165},
  year={2020}
}

@article{radford2019language,
  title={Language models are unsupervised multitask learners},
  author={Radford, Alec and Wu, Jeffrey and Child, Rewon and Luan, David and Amodei, Dario and Sutskever, Ilya}
}

@misc{keskar2019ctrl,
      title={{CTRL}: A Conditional Transformer Language Model for Controllable Generation}, 
      author={Nitish Shirish Keskar and Bryan McCann and Lav R. Varshney and Caiming Xiong and Richard Socher},
      year={2019},
      eprint={1909.05858},
      archivePrefix={arXiv},
      primaryClass={cs.CL}
}

@article{wang2018glue,
  title={{GLUE}: A multi-task benchmark and analysis platform for natural language understanding},
  author={Wang, Alex and Singh, Amanpreet and Michael, Julian and Hill, Felix and Levy, Omer and Bowman, Samuel R},
  journal={arXiv preprint arXiv:1804.07461},
  year={2018}
}

@inproceedings{shen2019mixture,
  title={Mixture models for diverse machine translation: Tricks of the trade},
  author={Shen, Tianxiao and Ott, Myle and Auli, Michael and Ranzato, Marc’Aurelio},
  booktitle={International Conference on Machine Learning},
  pages={5719--5728},
  year={2019},
  organization={PMLR}
}

@article{ha2016toward,
  title={Toward multilingual neural machine translation with universal encoder and decoder},
  author={Ha, Thanh-Le and Niehues, Jan and Waibel, Alexander},
  journal={arXiv preprint arXiv:1611.04798},
  year={2016}
}

@article{luscher2019transformers,
   title={RWTH ASR Systems for LibriSpeech: Hybrid vs Attention},
   url={},
   DOI={10.21437/interspeech.2019-1780},
   journal={Interspeech 2019},
   publisher={ISCA},
   author={Lüscher, Christoph and Beck, Eugen and Irie, Kazuki and others},
   year={2019},
   month={Sep}
}

@article{karita2019comparative,
    title={A Comparative Study on Transformer vs RNN in Speech Applications},
    author={Shigeki Karita and Nanxin Chen and Tomoki Hayashi and others},
    year={2019},
    journal={arXiv preprint arXiv:1909.06317},
    primaryClass={cs.CL}
}

@article{synnaeve2019end,
  title={End-to-end asr: from supervised to semi-supervised learning with modern architectures},
  author={Synnaeve, Gabriel and Xu, Qiantong and Kahn, Jacob and Likhomanenko, Tatiana and Grave, Edouard and Pratap, Vineel and Sriram, Anuroop and Liptchinsky, Vitaliy and Collobert, Ronan},
  journal={arXiv preprint arXiv:1911.08460},
  year={2019}
}

@article{zhang2020pushing,
  title={Pushing the Limits of Semi-Supervised Learning for Automatic Speech Recognition},
  author={Zhang, Yu and Qin, James and Park, Daniel S and Han, Wei and Chiu, Chung-Cheng and Pang, Ruoming and Le, Quoc V and Wu, Yonghui},
  journal={arXiv preprint arXiv:2010.10504},
  year={2020}
}

@article{xu2020self,
  title={Self-training and Pre-training are Complementary for Speech Recognition},
  author={Xu, Qiantong and Baevski, Alexei and Likhomanenko, Tatiana and Tomasello, Paden and Conneau, Alexis and Collobert, Ronan and Synnaeve, Gabriel and Auli, Michael},
  journal={arXiv preprint arXiv:2010.11430},
  year={2020}
}

@article{gu2020fully,
  title={Fully Non-autoregressive Neural Machine Translation: Tricks of the Trade},
  author={Gu, Jiatao and Kong, Xiang},
  journal={arXiv preprint arXiv:2012.15833},
  year={2020}
}

@article{gu2017non,
  title={Non-autoregressive neural machine translation},
  author={Gu, Jiatao and Bradbury, James and Xiong, Caiming and Li, Victor OK and Socher, Richard},
  journal={arXiv preprint arXiv:1711.02281},
  year={2017}
}

@article{lee2018deterministic,
  title={Deterministic non-autoregressive neural sequence modeling by iterative refinement},
  author={Lee, Jason and Mansimov, Elman and Cho, Kyunghyun},
  journal={arXiv preprint arXiv:1802.06901},
  year={2018}
}

@article{ghazvininejad2019mask,
  title={Mask-predict: Parallel decoding of conditional masked language models},
  author={Ghazvininejad, Marjan and Levy, Omer and Liu, Yinhan and Zettlemoyer, Luke},
  journal={arXiv preprint arXiv:1904.09324},
  year={2019}
}

@inproceedings{bello2019attention,
  title={Attention augmented convolutional networks},
  author={Bello, Irwan and Zoph, Barret and Vaswani, Ashish and Shlens, Jonathon and Le, Quoc V},
  booktitle=cvpr,
  year={2019}
}

@inproceedings{chen2020dynamic,
  title={Dynamic convolution: Attention over convolution kernels},
  author={Chen, Yinpeng and Dai, Xiyang and Liu, Mengchen and Chen, Dongdong and Yuan, Lu and Liu, Zicheng},
  booktitle=cvpr,
  year={2020}
}

@inproceedings{buades2005non,
  title={A non-local algorithm for image denoising},
  author={Buades, Antoni and Coll, Bartomeu and Morel, J-M},
  booktitle=cvpr,
  year={2005},
}

@inproceedings{dai2017deformable,
  title={Deformable convolutional networks},
  author={Dai, Jifeng and Qi, Haozhi and Xiong, Yuwen and Li, Yi and Zhang, Guodong and Hu, Han and Wei, Yichen},
  booktitle=cvpr,
  year={2017}
}

@inproceedings{d2019finding,
  title={Finding the Needle in the Haystack with Convolutions: on the benefits of architectural bias},
  author={d'Ascoli, St{\'e}phane and Sagun, Levent and Bruna, Joan and Biroli, Giulio},
  booktitle=nips,
  year={2019}
}

@inproceedings{neyshabur2020towards,
  title={Towards learning convolutions from scratch},
  author={Neyshabur, Behnam},
  booktitle=nips,
  year={2020}
}

@inproceedings{du2018many,
  title={How many samples are needed to estimate a convolutional neural network?},
  author={Du, Simon S and Wang, Yining and Zhai, Xiyu and Balakrishnan, Sivaraman and Salakhutdinov, Ruslan and Singh, Aarti},
  booktitle=nips,
  year={2018}
}

@inproceedings{keskar2016large,
  title={On large-batch training for deep learning: Generalization gap and sharp minima},
  author={Keskar, Nitish Shirish and Mudigere, Dheevatsa and Nocedal, Jorge and Smelyanskiy, Mikhail and Tang, Ping Tak Peter},
  booktitle=iclr,
  year={2017}
}

@MastersThesis{krizhevsky2009learning,
  Title                    = {Learning Multiple Layers of Features from Tiny Images},
  Author                   = {A. Krizhevsky},
  School                   = {University of Toronto},
  Year                     = {2009}
}

@incollection{cirecsan2012deep,
  title={Deep big multilayer perceptrons for digit recognition},
  author={Cire{\c{s}}an, Dan Claudiu and Meier, Ueli and Gambardella, Luca Maria and Schmidhuber, J{\"u}rgen},
  booktitle={Neural networks: tricks of the trade},
  pages={581--598},
  year={2012},
  publisher={Springer}
}

@inproceedings{simard2003best,
  title={Best practices for convolutional neural networks applied to visual document analysis.},
  author={Simard, Patrice Y and Steinkraus, David and Platt, John C and others},
  booktitle={{ICDAR}},
  year={2003}
}

@phdthesis{chatelain2006extraction,
  title={Extraction de s{\'e}quences num{\'e}riques dans des documents manuscrits quelconques},
  author={Chatelain, Cl{\'e}ment},
  year={2006},
  school={Universit{\'e} de Rouen}
}

@phdthesis{bluche2015deep,
  title={Deep neural networks for large vocabulary handwritten text recognition},
  author={Bluche, Th{\'e}odore},
  year={2015},
  school={Universit\'e Paris-Sud}
}



@proceedings{krizhevsky2012imagenet,
  title={Imagenet classification with deep convolutional neural networks},
  author={Krizhevsky, Alex and Sutskever, Ilya and Hinton, Geoffrey E},
  booktitle=nips,
    year={2012}
}

@article{lecun1998gradient,
  title={Gradient-based learning applied to document recognition},
  author={LeCun, Yann and Bottou, L{\'e}on and Bengio, Yoshua and Haffner, Patrick},
  journal={Proceedings of the IEEE},
  volume={86},
  number={11},
  pages={2278--2324},
  year={1998},
  publisher={Ieee}
}



@inproceedings{chen2018best,
  title={The best of both worlds: Combining recent advances in neural machine translation},
  author={Chen, Mia Xu and Firat, Orhan and Bapna, Ankur and Johnson, Melvin and Macherey, Wolfgang and Foster, George and Jones, Llion and Parmar, Niki and Schuster, Mike and Chen, Zhifeng and others},
  booktitle=acl,
  year={2018}
}

@inproceedings{xie2017aggregated,
  title={Aggregated residual transformations for deep neural networks},
  author={Xie, Saining and Girshick, Ross and Doll{\'a}r, Piotr and Tu, Zhuowen and He, Kaiming},
  booktitle=cvpr,
  year={2017}
}

@inproceedings{chollet2017xception,
  title={Xception: Deep learning with depthwise separable convolutions},
  author={Chollet, Fran{\c{c}}ois},
  booktitle=cvpr,
  year={2017}
}

@inproceedings{novak2018bayesian,
  title={Bayesian deep convolutional networks with many channels are {G}aussian processes},
  author={Novak, Roman and Xiao, Lechao and Lee, Jaehoon and Bahri, Yasaman and Yang, Greg and Hron, Jiri and Abolafia, Daniel A and Pennington, Jeffrey and Sohl-Dickstein, Jascha},
  booktitle=iclr,
  year={2019}
}

@inproceedings{urban2016deep,
  title={Do deep convolutional nets really need to be deep and convolutional?},
  author={Urban, Gregor and Geras, Krzysztof J and Kahou, Samira Ebrahimi and Aslan, Ozlem and Wang, Shengjie and Caruana, Rich and Mohamed, Abdelrahman and Philipose, Matthai and Richardson, Matt},
  booktitle=iclr,
  year={2017}
}

@article{mocanu2018scalable,
  title={Scalable training of artificial neural networks with adaptive sparse connectivity inspired by network science},
  author={Mocanu, Decebal Constantin and Mocanu, Elena and Stone, Peter and Nguyen, Phuong H and Gibescu, Madeleine and Liotta, Antonio},
  journal={Nature communications},
  volume={9},
  number={1},
  pages={1--12},
  year={2018},
  publisher={Nature Publishing Group}
}

@article{lin2015far,
  title={How far can we go without convolution: Improving fully-connected networks},
  author={Lin, Zhouhan and Memisevic, Roland and Konda, Kishore},
  journal={arXiv preprint arXiv:1511.02580},
  year={2015}
}

@article{tay2020synthesizer,
  title={Synthesizer: Rethinking self-attention in transformer models},
  author={Tay, Yi and Bahri, Dara and Metzler, Donald and Juan, Da-Cheng and Zhao, Zhe and Zheng, Che},
  journal={arXiv preprint arXiv:2005.00743},
  year={2020}
}

@article{caron2021emerging,
  title={Emerging Properties in Self-Supervised Vision Transformers},
  author={Caron, Mathilde and Touvron, Hugo and Misra, Ishan and J{\'e}gou, Herv{\'e} and Mairal, Julien and Bojanowski, Piotr and Joulin, Armand},
  journal={arXiv preprint arXiv:2104.14294},
  year={2021}
}

@inproceedings{novikov2015tensorizing,
 author = {Novikov, Alexander and Podoprikhin, Dmitrii and Osokin, Anton and Vetrov, Dmitry P},
 booktitle =neurips,
 title = {Tensorizing Neural Networks},
 year = {2015}
}

@article{khoo2019switchnet,
  title={SwitchNet: a neural network model for forward and inverse scattering problems},
  author={Khoo, Yuehaw and Ying, Lexing},
  journal={SIAM Journal on Scientific Computing},
  volume={41},
  number={5},
  pages={A3182--A3201},
  year={2019},
  publisher={SIAM}
}

@article{bahdanau2014neural,
  title={Neural machine translation by jointly learning to align and translate},
  author={Bahdanau, Dzmitry and Cho, Kyunghyun and Bengio, Yoshua},
  journal={arXiv preprint arXiv:1409.0473},
  year={2014}
}


@article{graham2021levit,
  title={LeViT: a Vision Transformer in ConvNet's Clothing for Faster Inference},
  author={Graham, Ben and El-Nouby, Alaaeldin and Touvron, Hugo and Stock, Pierre and Joulin, Armand and J{\'e}gou, Herv{\'e} and Douze, Matthijs},
  journal={arXiv preprint arXiv:2104.01136},
  year={2021}
}

@article{xiao2021early,
  title={Early convolutions help transformers see better},
  author={Xiao, Tete and Singh, Mannat and Mintun, Eric and Darrell, Trevor and Doll{\'a}r, Piotr and Girshick, Ross},
  journal={arXiv preprint arXiv:2106.14881},
  year={2021}
}


@article{liu2021swin,
  title={Swin transformer: Hierarchical vision transformer using shifted windows},
  author={Liu, Ze and Lin, Yutong and Cao, Yue and Hu, Han and Wei, Yixuan and Zhang, Zheng and Lin, Stephen and Guo, Baining},
  journal={arXiv preprint arXiv:2103.14030},
  year={2021}
}


@article{bao2021beit,
  title={BEiT: BERT Pre-Training of Image Transformers},
  author={Bao, Hangbo and Dong, Li and Wei, Furu},
  journal={arXiv preprint arXiv:2106.08254},
  year={2021}
}

@article{fan2021multiscale, 
  title={Multiscale vision transformers},
  author={Fan, Haoqi and Xiong, Bo and Mangalam, Karttikeya and Li, Yanghao and Yan, Zhicheng and Malik, Jitendra and Feichtenhofer, Christoph},
  journal={arXiv preprint arXiv:2104.11227},
  year={2021}
}

@article{wang2021pyramid,
  title={Pyramid vision transformer: A versatile backbone for dense prediction without convolutions},
  author={Wang, Wenhai and Xie, Enze and Li, Xiang and Fan, Deng-Ping and Song, Kaitao and Liang, Ding and Lu, Tong and Luo, Ping and Shao, Ling},
  journal={arXiv preprint arXiv:2102.12122},
  year={2021}
}

@article{wightman2021resnet,
  title={ResNet strikes back: An improved training procedure in timm},
  author={Wightman, Ross and Touvron, Hugo and J{\'e}gou, Herv{\'e}},
  journal={arXiv preprint arXiv:2110.00476},
  year={2021}
}

@inproceedings{zeiler2014visualizing,
  title={Visualizing and understanding convolutional networks},
  author={Zeiler, Matthew D and Fergus, Rob},
  booktitle=eccv,
  year={2014},
}

@inproceedings{oquab2015object,
  title={Is object localization for free?-weakly-supervised learning with convolutional neural networks},
  author={Oquab, Maxime and Bottou, L{\'e}on and Laptev, Ivan and Sivic, Josef},
  booktitle=cvpr,
  year={2015}
}


@misc{liu2021survey,
      title={A Survey of Visual Transformers}, 
      author={Yang Liu and Yao Zhang and Yixin Wang and Feng Hou and Jin Yuan and Jiang Tian and Yang Zhang and Zhongchao Shi and Jianping Fan and Zhiqiang He},
      year={2021},
      eprint={2111.06091},
      archivePrefix={arXiv},
      primaryClass={cs.CV}
}


@misc{liu2021ready,
      title={Are we ready for a new paradigm shift? A Survey on Visual Deep MLP}, 
      author={Ruiyang Liu and Yinghui Li and Dun Liang and Linmi Tao and Shi-Min Hu and Hai-Tao Zheng},
      year={2021},
      eprint={2111.04060},
      archivePrefix={arXiv},
      primaryClass={cs.CV}
}


@misc{sandler2019nondiscriminative,
      title={Non-discriminative data or weak model? On the relative importance of data and model resolution}, 
      author={Mark Sandler and Jonathan Baccash and Andrey Zhmoginov and Andrew Howard},
      year={2019},
      eprint={1909.03205},
      archivePrefix={arXiv},
      primaryClass={cs.CV}
}